Sales,Quantity,Profit,Discount,Region,State,Row ID,Order ID,Order Date,Ship Date,Ship Mode,Customer ID,Customer Name,Segment,Country,City,Postal Code,Product ID,Category,Sub-Category,Product Name
261.96,2,41.9136,0,South,Kentucky,1,CA-2017-152156,11/8/2017 0:00,11/11/2017 0:00,Second Class,CG-12520,Claire Gute,Consumer,United States,Henderson,42420,FUR-BO-10001798,Furniture,Bookcases,Bush Somerset Collection Bookcase
731.94,3,219.582,0,South,Kentucky,2,CA-2017-152156,11/8/2017 0:00,11/11/2017 0:00,Second Class,CG-12520,Claire Gute,Consumer,United States,Henderson,42420,FUR-CH-10000454,Furniture,Chairs,"Hon Deluxe Fabric Upholstered Stacking Chairs, Rounded Back"
75.88,2,35.6636,0,South,Virginia,70,CA-2017-119823,6/4/2017 0:00,6/6/2017 0:00,First Class,KD-16270,Karen Daniels,Consumer,United States,Springfield,22153,OFF-PA-10000482,Office Supplies,Paper,"Snap-A-Way Black Print Carbonless Ruled Speed Letter, Triplicate"
208.16,1,56.2032,0,South,Alabama,80,CA-2017-127208,6/12/2017 0:00,6/15/2017 0:00,First Class,SC-20770,Stewart Carmichael,Corporate,United States,Decatur,35601,OFF-AP-10002118,Office Supplies,Appliances,"1.7 Cubic Foot Compact ""Cube"" Office Refrigerators"
16.74,3,8.0352,0,South,Alabama,81,CA-2017-127208,6/12/2017 0:00,6/15/2017 0:00,First Class,SC-20770,Stewart Carmichael,Corporate,United States,Decatur,35601,OFF-BI-10002309,Office Supplies,Binders,Avery Heavy-Duty EZD  Binder With Locking Rings
254.058,7,-169.372,0.7,South,Florida,287,CA-2017-112697,12/18/2017 0:00,12/20/2017 0:00,Second Class,AH-10195,Alan Haines,Corporate,United States,Tamarac,33319,OFF-BI-10000778,Office Supplies,Binders,GBC VeloBinder Electric Binding Machine
194.528,2,24.316,0.2,South,Florida,288,CA-2017-112697,12/18/2017 0:00,12/20/2017 0:00,Second Class,AH-10195,Alan Haines,Corporate,United States,Tamarac,33319,OFF-AP-10002684,Office Supplies,Appliances,"Acco 7-Outlet Masterpiece Power Center, Wihtout Fax/Phone Line Protection"
961.48,5,-204.3145,0.2,South,Florida,289,CA-2017-112697,12/18/2017 0:00,12/20/2017 0:00,Second Class,AH-10195,Alan Haines,Corporate,United States,Tamarac,33319,OFF-SU-10000646,Office Supplies,Supplies,Premier Automatic Letter Opener
36.24,5,11.325,0.2,South,North Carolina,359,CA-2017-130001,4/23/2017 0:00,4/28/2017 0:00,Standard Class,HK-14890,Heather Kirkland,Corporate,United States,Charlotte,28205,OFF-PA-10002666,Office Supplies,Paper,Southworth 25% Cotton Linen-Finish Paper & Envelopes
189.588,2,-145.3508,0.7,South,North Carolina,430,US-2017-123750,4/15/2017 0:00,4/21/2017 0:00,Standard Class,RB-19795,Ross Baird,Home Office,United States,Gastonia,28052,OFF-BI-10004584,Office Supplies,Binders,GBC ProClick 150 Presentation Binding System
408.744,7,76.6395,0.2,South,North Carolina,431,US-2017-123750,4/15/2017 0:00,4/21/2017 0:00,Standard Class,RB-19795,Ross Baird,Home Office,United States,Gastonia,28052,TEC-AC-10004659,Technology,Accessories,Imation Secure+ Hardware Encrypted USB 2.0 Flash Drive; 16GB
291.96,5,54.7425,0.2,South,North Carolina,432,US-2017-123750,4/15/2017 0:00,4/21/2017 0:00,Standard Class,RB-19795,Ross Baird,Home Office,United States,Gastonia,28052,TEC-AC-10004659,Technology,Accessories,Imation Secure+ Hardware Encrypted USB 2.0 Flash Drive; 16GB
4.768,2,-0.7748,0.2,South,North Carolina,433,US-2017-123750,4/15/2017 0:00,4/21/2017 0:00,Standard Class,RB-19795,Ross Baird,Home Office,United States,Gastonia,28052,OFF-ST-10000617,Office Supplies,Storage,Woodgrain Magazine Files by Perma
189.882,3,-94.941,0.4,South,Tennessee,495,US-2017-120929,3/18/2017 0:00,3/21/2017 0:00,Second Class,RO-19780,Rose O'Brian,Consumer,United States,Memphis,38109,FUR-TA-10001857,Furniture,Tables,Balt Solid Wood Rectangular Table
979.95,5,274.386,0,South,Alabama,534,CA-2017-168753,5/29/2017 0:00,6/1/2017 0:00,Second Class,RL-19615,Rob Lucas,Consumer,United States,Montgomery,36116,TEC-PH-10000984,Technology,Phones,Panasonic KX-TG9471B
22.75,5,11.375,0,South,Alabama,535,CA-2017-168753,5/29/2017 0:00,6/1/2017 0:00,Second Class,RL-19615,Rob Lucas,Consumer,United States,Montgomery,36116,OFF-BI-10002557,Office Supplies,Binders,Presstex Flexible Ring Binders
10.74,3,5.2626,0,South,Kentucky,665,CA-2017-143308,11/4/2017 0:00,11/4/2017 0:00,Same Day,RC-19825,Roy Collins,Consumer,United States,Louisville,40214,OFF-FA-10000621,Office Supplies,Fasteners,"OIC Colored Binder Clips, Assorted Sizes"
45.584,7,5.1282,0.2,South,Florida,725,CA-2017-114713,7/7/2017 0:00,7/12/2017 0:00,Standard Class,SC-20695,Steve Chapman,Corporate,United States,Hialeah,33012,OFF-SU-10004664,Office Supplies,Supplies,Acme Softgrip Scissors
383.438,4,-167.3184,0.45,South,Florida,756,CA-2017-140928,9/18/2017 0:00,9/22/2017 0:00,Standard Class,NB-18655,Nona Balk,Corporate,United States,Jacksonville,32216,FUR-TA-10001095,Furniture,Tables,Chromcraft Round Conference Tables
641.96,2,179.7488,0,South,Virginia,770,CA-2017-157245,5/19/2017 0:00,5/24/2017 0:00,Standard Class,LE-16810,Laurel Elliston,Consumer,United States,Arlington,22204,FUR-CH-10003746,Furniture,Chairs,Hon 4070 Series Pagoda Round Back Stacking Chairs
1363.96,5,85.2475,0.2,South,North Carolina,793,CA-2017-105256,5/20/2017 0:00,5/20/2017 0:00,Same Day,JK-15730,Joe Kamberova,Consumer,United States,Asheville,28806,TEC-PH-10001530,Technology,Phones,Cisco Unified IP Phone 7945G VoIP phone
12.96,2,6.2208,0,South,Louisiana,804,CA-2017-115504,3/12/2017 0:00,3/17/2017 0:00,Standard Class,MC-18130,Mike Caudle,Corporate,United States,Monroe,71203,OFF-PA-10003953,Office Supplies,Paper,Xerox 218
35.216,2,2.6412,0.2,South,Florida,834,CA-2017-165316,7/23/2017 0:00,7/27/2017 0:00,Standard Class,JB-15400,Jennifer Braxton,Corporate,United States,Tampa,33614,OFF-AR-10002956,Office Supplies,Art,Boston 16801 Nautilus Battery Pencil Sharpener
23.696,2,6.5164,0.2,South,Florida,835,CA-2017-165316,7/23/2017 0:00,7/27/2017 0:00,Standard Class,JB-15400,Jennifer Braxton,Corporate,United States,Tampa,33614,OFF-AP-10003266,Office Supplies,Appliances,"Holmes Replacement Filter for HEPA Air Cleaner, Large Room"
265.475,1,-111.4995,0.5,South,Florida,836,CA-2017-165316,7/23/2017 0:00,7/27/2017 0:00,Standard Class,JB-15400,Jennifer Braxton,Corporate,United States,Tampa,33614,TEC-MA-10004002,Technology,Machines,Zebra GX420t Direct Thermal/Thermal Transfer Printer
185.88,6,50.1876,0,South,Mississippi,853,CA-2017-113747,5/28/2017 0:00,6/4/2017 0:00,Standard Class,VD-21670,Valerie Dominguez,Consumer,United States,Jackson,39212,OFF-AR-10003373,Office Supplies,Art,"Boston School Pro Electric Pencil Sharpener, 1670"
191.472,6,40.6878,0.2,South,Florida,863,CA-2017-134474,1/5/2017 0:00,1/7/2017 0:00,Second Class,AJ-10795,Anthony Johnson,Corporate,United States,Jacksonville,32216,TEC-AC-10001714,Technology,Accessories,Logitech MX Performance Wireless Mouse
5.248,2,0.5904,0.2,South,Florida,864,CA-2017-134474,1/5/2017 0:00,1/7/2017 0:00,Second Class,AJ-10795,Anthony Johnson,Corporate,United States,Jacksonville,32216,OFF-AR-10003958,Office Supplies,Art,Newell 337
59.184,2,5.1786,0.2,South,Florida,865,CA-2017-134474,1/5/2017 0:00,1/7/2017 0:00,Second Class,AJ-10795,Anthony Johnson,Corporate,United States,Jacksonville,32216,TEC-PH-10002923,Technology,Phones,"Logitech B530 USB Headset - headset - Full size, Binaural"
3.282,2,-2.6256,0.7,South,North Carolina,979,CA-2017-145499,5/30/2017 0:00,5/31/2017 0:00,First Class,RW-19690,Robert Waldorf,Consumer,United States,Wilmington,28403,OFF-BI-10000848,Office Supplies,Binders,Angle-D Ring Binders
1363.96,5,85.2475,0.2,South,Florida,1047,CA-2017-169103,3/8/2017 0:00,3/13/2017 0:00,Standard Class,ZC-21910,Zuschuss Carroll,Consumer,United States,Miami,33142,TEC-PH-10001530,Technology,Phones,Cisco Unified IP Phone 7945G VoIP phone
102.36,3,-3.8385,0.2,South,Florida,1048,CA-2017-169103,3/8/2017 0:00,3/13/2017 0:00,Standard Class,ZC-21910,Zuschuss Carroll,Consumer,United States,Miami,33142,FUR-FU-10004006,Furniture,Furnishings,"Deflect-o DuraMat Lighweight, Studded, Beveled Mat for Low Pile Carpeting"
343.92,4,75.6624,0,South,Virginia,1130,CA-2017-112102,4/12/2017 0:00,4/16/2017 0:00,Standard Class,BD-11605,Brian Dahlen,Consumer,United States,Springfield,22153,FUR-TA-10004086,Furniture,Tables,KI Adjustable-Height Table
40.99,1,20.0851,0,South,Virginia,1131,CA-2017-112102,4/12/2017 0:00,4/16/2017 0:00,Standard Class,BD-11605,Brian Dahlen,Consumer,United States,Springfield,22153,OFF-PA-10000100,Office Supplies,Paper,Xerox 1945
63.9,5,28.755,0,South,Virginia,1132,CA-2017-112102,4/12/2017 0:00,4/16/2017 0:00,Standard Class,BD-11605,Brian Dahlen,Consumer,United States,Springfield,22153,OFF-EN-10002500,Office Supplies,Envelopes,Globe Weis Peel & Seel First Class Envelopes
85.224,3,7.4571,0.2,South,Florida,1136,US-2017-148803,12/11/2017 0:00,12/11/2017 0:00,Same Day,LR-16915,Lena Radford,Consumer,United States,Homestead,33030,OFF-ST-10001476,Office Supplies,Storage,Steel Personal Filing/Posting Tote
47.952,3,13.7862,0.2,South,Florida,1235,CA-2017-144344,10/28/2017 0:00,10/28/2017 0:00,Same Day,PG-18820,Patrick Gardner,Consumer,United States,Boynton Beach,33437,FUR-FU-10000076,Furniture,Furnishings,24-Hour Round Wall Clock
37.425,5,-29.94,0.7,South,Florida,1236,CA-2017-144344,10/28/2017 0:00,10/28/2017 0:00,Same Day,PG-18820,Patrick Gardner,Consumer,United States,Boynton Beach,33437,OFF-BI-10003719,Office Supplies,Binders,Large Capacity Hanging Post Binders
63.968,2,0,0.2,South,Florida,1237,CA-2017-144344,10/28/2017 0:00,10/28/2017 0:00,Same Day,PG-18820,Patrick Gardner,Consumer,United States,Boynton Beach,33437,FUR-FU-10003268,Furniture,Furnishings,Eldon Radial Chair Mat for Low to Medium Pile Carpets
165.048,3,41.262,0.2,South,Florida,1238,CA-2017-144344,10/28/2017 0:00,10/28/2017 0:00,Same Day,PG-18820,Patrick Gardner,Consumer,United States,Boynton Beach,33437,FUR-FU-10003553,Furniture,Furnishings,"Howard Miller 13-1/2"" Diameter Rosebrook Wall Clock"
27.882,3,-20.4468,0.7,South,North Carolina,1258,US-2017-168620,12/24/2017 0:00,12/28/2017 0:00,Second Class,RB-19795,Ross Baird,Home Office,United States,Charlotte,28205,OFF-BI-10001575,Office Supplies,Binders,GBC Linen Binding Covers
540.048,3,-47.2542,0.2,South,North Carolina,1259,US-2017-168620,12/24/2017 0:00,12/28/2017 0:00,Second Class,RB-19795,Ross Baird,Home Office,United States,Charlotte,28205,OFF-ST-10003716,Office Supplies,Storage,Tennsco Double-Tier Lockers
255.68,8,76.704,0.2,South,North Carolina,1260,US-2017-168620,12/24/2017 0:00,12/28/2017 0:00,Second Class,RB-19795,Ross Baird,Home Office,United States,Charlotte,28205,TEC-AC-10004469,Technology,Accessories,Microsoft Sculpt Comfort Mouse
17.616,4,-14.0928,0.7,South,North Carolina,1262,US-2017-144393,10/28/2017 0:00,11/4/2017 0:00,Standard Class,SM-20950,Suzanne McNair,Corporate,United States,Greenville,27834,OFF-BI-10004236,Office Supplies,Binders,"XtraLife ClearVue Slant-D Ring Binder, White, 3"""
572.76,6,166.1004,0,South,Virginia,1301,CA-2017-137043,12/23/2017 0:00,12/25/2017 0:00,Second Class,LC-17140,Logan Currie,Consumer,United States,Springfield,22153,FUR-FU-10003664,Furniture,Furnishings,"Electrix Architect's Clamp-On Swing Arm Lamp, Black"
286.38,3,83.0502,0,South,Virginia,1302,CA-2017-137043,12/23/2017 0:00,12/25/2017 0:00,Second Class,LC-17140,Logan Currie,Consumer,United States,Springfield,22153,FUR-FU-10003664,Furniture,Furnishings,"Electrix Architect's Clamp-On Swing Arm Lamp, Black"
31.4,2,7.85,0,South,Virginia,1352,CA-2017-162901,3/28/2017 0:00,3/31/2017 0:00,First Class,AS-10045,Aaron Smayling,Corporate,United States,Arlington,22204,OFF-ST-10000649,Office Supplies,Storage,Hanging Personal Folder File
79.14,3,36.4044,0,South,Kentucky,1358,CA-2017-145247,5/5/2017 0:00,5/7/2017 0:00,First Class,ND-18370,Natalie DeCherney,Consumer,United States,Louisville,40214,OFF-PA-10003641,Office Supplies,Paper,Xerox 1909
80.98,1,1.6196,0,South,Georgia,1383,US-2017-108504,2/5/2017 0:00,2/5/2017 0:00,Same Day,PP-18955,Paul Prost,Home Office,United States,Smyrna,30080,OFF-ST-10002344,Office Supplies,Storage,"Carina 42""Hx23 3/4""W Media Storage Unit"
348.84,9,170.9316,0,South,Georgia,1384,US-2017-108504,2/5/2017 0:00,2/5/2017 0:00,Same Day,PP-18955,Paul Prost,Home Office,United States,Smyrna,30080,OFF-PA-10001289,Office Supplies,Paper,White Computer Printout Paper by Universal
9.45,5,0.189,0,South,Georgia,1385,US-2017-108504,2/5/2017 0:00,2/5/2017 0:00,Same Day,PP-18955,Paul Prost,Home Office,United States,Smyrna,30080,OFF-FA-10000053,Office Supplies,Fasteners,Revere Boxed Rubber Bands by Revere
18.84,3,7.1592,0,South,Georgia,1386,US-2017-108504,2/5/2017 0:00,2/5/2017 0:00,Same Day,PP-18955,Paul Prost,Home Office,United States,Smyrna,30080,FUR-FU-10004091,Furniture,Furnishings,"Eldon 200 Class Desk Accessories, Black"
239.98,2,52.7956,0,South,Georgia,1387,US-2017-108504,2/5/2017 0:00,2/5/2017 0:00,Same Day,PP-18955,Paul Prost,Home Office,United States,Smyrna,30080,FUR-BO-10004015,Furniture,Bookcases,"Bush Andora Bookcase, Maple/Graphite Gray Finish"
167.96,2,78.9412,0,South,Georgia,1388,US-2017-108504,2/5/2017 0:00,2/5/2017 0:00,Same Day,PP-18955,Paul Prost,Home Office,United States,Smyrna,30080,OFF-EN-10003001,Office Supplies,Envelopes,Ames Color-File Green Diamond Border X-ray Mailers
104.85,3,28.3095,0,South,Georgia,1389,US-2017-108504,2/5/2017 0:00,2/5/2017 0:00,Same Day,PP-18955,Paul Prost,Home Office,United States,Smyrna,30080,TEC-PH-10000215,Technology,Phones,Plantronics Cordless Phone Headset with In-line Volume - M214C
484.83,3,126.0558,0,South,Georgia,1390,US-2017-108504,2/5/2017 0:00,2/5/2017 0:00,Same Day,PP-18955,Paul Prost,Home Office,United States,Smyrna,30080,TEC-PH-10003645,Technology,Phones,Aastra 57i VoIP phone
122.97,3,60.2553,0,South,Georgia,1391,US-2017-108504,2/5/2017 0:00,2/5/2017 0:00,Same Day,PP-18955,Paul Prost,Home Office,United States,Smyrna,30080,OFF-PA-10000357,Office Supplies,Paper,"White Dual Perf Computer Printout Paper, 2700 Sheets, 1 Part, Heavyweight, 20 lbs., 14 7/8 x 11"
154.44,3,1.5444,0,South,Georgia,1392,US-2017-108504,2/5/2017 0:00,2/5/2017 0:00,Same Day,PP-18955,Paul Prost,Home Office,United States,Smyrna,30080,OFF-ST-10004804,Office Supplies,Storage,"Belkin 19"" Vented Equipment Shelf, Black"
342.37,7,160.9139,0,South,Georgia,1393,US-2017-108504,2/5/2017 0:00,2/5/2017 0:00,Same Day,PP-18955,Paul Prost,Home Office,United States,Smyrna,30080,OFF-PA-10003892,Office Supplies,Paper,Xerox 1943
21.8,2,6.104,0,South,Virginia,1401,CA-2017-159212,11/1/2017 0:00,11/5/2017 0:00,Standard Class,KM-16375,Katherine Murray,Home Office,United States,Salem,24153,TEC-PH-10003988,Technology,Phones,"LF Elite 3D Dazzle Designer Hard Case Cover, Lf Stylus Pen and Wiper For Apple Iphone 5c Mini Lite"
251.79,3,118.3413,0,South,Virginia,1402,CA-2017-159212,11/1/2017 0:00,11/5/2017 0:00,Standard Class,KM-16375,Katherine Murray,Home Office,United States,Salem,24153,OFF-EN-10002230,Office Supplies,Envelopes,Airmail Envelopes
70.98,7,34.7802,0,South,Alabama,1452,CA-2017-133711,11/26/2017 0:00,11/29/2017 0:00,First Class,MC-17425,Mark Cousins,Corporate,United States,Mobile,36608,OFF-PA-10001685,Office Supplies,Paper,Easy-staple paper
91.68,3,45.84,0,South,Alabama,1453,CA-2017-133711,11/26/2017 0:00,11/29/2017 0:00,First Class,MC-17425,Mark Cousins,Corporate,United States,Mobile,36608,OFF-BI-10000666,Office Supplies,Binders,Surelock Post Binders
33.75,5,16.875,0,South,Alabama,1454,CA-2017-133711,11/26/2017 0:00,11/29/2017 0:00,First Class,MC-17425,Mark Cousins,Corporate,United States,Mobile,36608,OFF-BI-10004352,Office Supplies,Binders,Wilson Jones DublLock D-Ring Binders
3040,8,1459.2,0,South,Alabama,1455,CA-2017-133711,11/26/2017 0:00,11/29/2017 0:00,First Class,MC-17425,Mark Cousins,Corporate,United States,Mobile,36608,TEC-MA-10000010,Technology,Machines,Hewlett-Packard Deskjet 3050a All-in-One Color Inkjet Printer
52.136,7,5.8653,0.2,South,North Carolina,1478,CA-2017-121958,11/13/2017 0:00,11/17/2017 0:00,Standard Class,CS-12505,Cindy Stewart,Consumer,United States,Thomasville,27360,OFF-SU-10000381,Office Supplies,Supplies,Acme Forged Steel Scissors with Black Enamel Handles
396,4,190.08,0,South,Georgia,1508,CA-2017-134208,9/17/2017 0:00,9/23/2017 0:00,Standard Class,CS-12505,Cindy Stewart,Consumer,United States,Columbus,31907,TEC-MA-10004458,Technology,Machines,Lexmark X 9575 Professional All-in-One Color Printer
4.98,1,2.4402,0,South,Alabama,1578,CA-2017-154403,5/23/2017 0:00,5/27/2017 0:00,Standard Class,AP-10720,Anne Pryor,Home Office,United States,Florence,35630,OFF-PA-10001526,Office Supplies,Paper,Xerox 1949
10.96,4,2.9592,0,South,Virginia,1590,CA-2017-109911,5/12/2017 0:00,5/16/2017 0:00,Standard Class,VG-21805,Vivek Grady,Corporate,United States,Virginia Beach,23464,OFF-AR-10001662,Office Supplies,Art,Rogers Handheld Barrel Pencil Sharpener
6.672,3,1.668,0.2,South,Tennessee,1603,US-2017-132857,12/11/2017 0:00,12/17/2017 0:00,Standard Class,CA-12775,Cynthia Arntzen,Consumer,United States,Smyrna,37167,OFF-AR-10003251,Office Supplies,Art,Prang Drawing Pencil Set
100,4,21,0,South,Virginia,1729,CA-2017-106894,2/7/2017 0:00,2/7/2017 0:00,Same Day,CA-12265,Christina Anderson,Consumer,United States,Springfield,22153,TEC-AC-10003063,Technology,Accessories,Micro Innovations USB RF Wireless Keyboard with Mouse
7.83,3,3.6018,0,South,Virginia,1730,CA-2017-106894,2/7/2017 0:00,2/7/2017 0:00,Same Day,CA-12265,Christina Anderson,Consumer,United States,Springfield,22153,OFF-LA-10001045,Office Supplies,Labels,Permanent Self-Adhesive File Folder Labels for Typewriters by Universal
11.232,8,-8.2368,0.7,South,North Carolina,1747,CA-2017-155670,8/13/2017 0:00,8/17/2017 0:00,Second Class,EM-14065,Erin Mull,Consumer,United States,Jacksonville,28540,OFF-BI-10000138,Office Supplies,Binders,Acco Translucent Poly Ring Binders
10.272,3,3.21,0.2,South,North Carolina,1748,CA-2017-155670,8/13/2017 0:00,8/17/2017 0:00,Second Class,EM-14065,Erin Mull,Consumer,United States,Jacksonville,28540,OFF-PA-10004947,Office Supplies,Paper,Easy-staple paper
35.06,2,10.518,0,South,Virginia,1764,CA-2017-110254,8/4/2017 0:00,8/8/2017 0:00,Standard Class,ML-17755,Max Ludwig,Home Office,United States,Suffolk,23434,OFF-SU-10002573,Office Supplies,Supplies,"Acme 10"" Easy Grip Assistive Scissors"
4.13,1,1.8998,0,South,Virginia,1765,CA-2017-110254,8/4/2017 0:00,8/8/2017 0:00,Standard Class,ML-17755,Max Ludwig,Home Office,United States,Suffolk,23434,OFF-LA-10004484,Office Supplies,Labels,Avery 476
109.8,9,46.116,0,South,Virginia,1766,CA-2017-110254,8/4/2017 0:00,8/8/2017 0:00,Standard Class,ML-17755,Max Ludwig,Home Office,United States,Suffolk,23434,FUR-FU-10001591,Furniture,Furnishings,Advantus Panel Wall Certificate Holder - 8.5x11
9.82,2,4.8118,0,South,Virginia,1767,CA-2017-110254,8/4/2017 0:00,8/8/2017 0:00,Standard Class,ML-17755,Max Ludwig,Home Office,United States,Suffolk,23434,OFF-LA-10002034,Office Supplies,Labels,Avery 478
1127.976,3,126.8973,0.2,South,North Carolina,1828,CA-2017-109344,2/8/2017 0:00,2/11/2017 0:00,Second Class,CH-12070,Cathy Hwang,Home Office,United States,Raleigh,27604,TEC-PH-10002624,Technology,Phones,Samsung Galaxy S4 Mini
140.81,1,39.4268,0,South,Kentucky,1842,CA-2017-157763,7/18/2017 0:00,7/23/2017 0:00,Standard Class,KH-16330,Katharine Harms,Corporate,United States,Bowling Green,42104,FUR-CH-10000988,Furniture,Chairs,Hon Olson Stacker Stools
191.88,6,19.188,0,South,South Carolina,1901,CA-2017-140543,6/29/2017 0:00,7/3/2017 0:00,Second Class,Co-12640,Corey-Lock,Consumer,United States,Florence,29501,OFF-ST-10000563,Office Supplies,Storage,Fellowes Bankers Box Stor/Drawer Steel Plus
2.952,2,-2.1648,0.7,South,Florida,1907,US-2017-150567,5/17/2017 0:00,5/21/2017 0:00,Standard Class,RP-19855,Roy Phan,Corporate,United States,Apopka,32712,OFF-BI-10001757,Office Supplies,Binders,Pressboard Hanging Data Binders for Unburst Sheets
27.018,6,-21.6144,0.7,South,Florida,1908,US-2017-150567,5/17/2017 0:00,5/21/2017 0:00,Standard Class,RP-19855,Roy Phan,Corporate,United States,Apopka,32712,OFF-BI-10000069,Office Supplies,Binders,"GBC Prepunched Paper, 19-Hole, for Binding Systems, 24-lb"
350.98,1,84.2352,0,South,Alabama,2014,CA-2017-145905,9/18/2017 0:00,9/23/2017 0:00,Standard Class,AM-10705,Anne McFarland,Consumer,United States,Auburn,36830,FUR-CH-10001854,Furniture,Chairs,Office Star - Professional Matrix Back Chair with 2-to-1 Synchro Tilt and Mesh Fabric Seat
13.08,2,6.0168,0,South,Alabama,2015,CA-2017-145905,9/18/2017 0:00,9/23/2017 0:00,Standard Class,AM-10705,Anne McFarland,Consumer,United States,Auburn,36830,OFF-PA-10000533,Office Supplies,Paper,Southworth Parchment Paper & Envelopes
900.08,4,117.0104,0,South,Alabama,2016,CA-2017-145905,9/18/2017 0:00,9/23/2017 0:00,Standard Class,AM-10705,Anne McFarland,Consumer,United States,Auburn,36830,OFF-ST-10003716,Office Supplies,Storage,Tennsco Double-Tier Lockers
511.84,8,240.5648,0,South,Mississippi,2096,US-2017-146570,5/15/2017 0:00,5/20/2017 0:00,Standard Class,SN-20710,Steve Nguyen,Home Office,United States,Jackson,39212,OFF-BI-10001718,Office Supplies,Binders,GBC DocuBind P50 Personal Binding Machine
91.96,4,25.7488,0,South,Mississippi,2097,US-2017-146570,5/15/2017 0:00,5/20/2017 0:00,Standard Class,SN-20710,Steve Nguyen,Home Office,United States,Jackson,39212,OFF-AR-10004602,Office Supplies,Art,Boston KS Multi-Size Manual Pencil Sharpener
8.34,3,2.1684,0,South,Mississippi,2098,US-2017-146570,5/15/2017 0:00,5/20/2017 0:00,Standard Class,SN-20710,Steve Nguyen,Home Office,United States,Jackson,39212,OFF-AR-10003856,Office Supplies,Art,Newell 344
29,2,7.25,0,South,Alabama,2187,CA-2017-101378,7/14/2017 0:00,7/14/2017 0:00,Same Day,RH-19600,Rob Haberlin,Consumer,United States,Huntsville,35810,TEC-AC-10002345,Technology,Accessories,HP Standard 104 key PS/2 Keyboard
4.704,2,0.4116,0.2,South,Tennessee,2197,CA-2017-136483,12/1/2017 0:00,12/6/2017 0:00,Standard Class,AG-10390,Allen Goldenen,Consumer,United States,Knoxville,37918,OFF-AR-10000940,Office Supplies,Art,Newell 343
67.56,3,8.445,0.2,South,Tennessee,2206,CA-2017-164350,9/10/2017 0:00,9/12/2017 0:00,Second Class,CG-12040,Catherine Glotzbach,Home Office,United States,Bristol,37620,OFF-AR-10000538,Office Supplies,Art,"Boston Model 1800 Electric Pencil Sharpener, Gray"
499.98,2,114.9954,0,South,Georgia,2264,CA-2017-131065,11/14/2017 0:00,11/16/2017 0:00,Second Class,AA-10375,Allen Armold,Consumer,United States,Atlanta,30318,TEC-AC-10004145,Technology,Accessories,Logitech diNovo Edge Keyboard
5.28,1,2.376,0,South,Georgia,2265,CA-2017-131065,11/14/2017 0:00,11/16/2017 0:00,Second Class,AA-10375,Allen Armold,Consumer,United States,Atlanta,30318,OFF-PA-10002479,Office Supplies,Paper,Xerox 4200 Series MultiUse Premium Copy Paper (20Lb. and 84 Bright)
8.26,2,3.8822,0,South,Georgia,2266,CA-2017-131065,11/14/2017 0:00,11/16/2017 0:00,Second Class,AA-10375,Allen Armold,Consumer,United States,Atlanta,30318,OFF-BI-10004970,Office Supplies,Binders,"ACCOHIDE 3-Ring Binder, Blue, 1"""
14.352,3,5.2026,0.2,South,Tennessee,2286,CA-2017-112676,5/5/2017 0:00,5/8/2017 0:00,First Class,PJ-18835,Patrick Jones,Corporate,United States,Murfreesboro,37130,OFF-PA-10003971,Office Supplies,Paper,Xerox 1965
316,4,31.6,0,South,Georgia,2303,CA-2017-106558,1/17/2017 0:00,1/21/2017 0:00,Standard Class,DL-13495,Dionis Lloyd,Corporate,United States,Columbus,31907,TEC-AC-10001142,Technology,Accessories,First Data FD10 PIN Pad
41.86,7,10.465,0,South,Georgia,2341,CA-2017-137736,11/10/2017 0:00,11/15/2017 0:00,Standard Class,DC-13285,Debra Catini,Consumer,United States,Warner Robins,31088,OFF-AR-10004999,Office Supplies,Art,Newell 315
127.88,2,40.9216,0,South,Virginia,2364,US-2017-108637,3/13/2017 0:00,3/18/2017 0:00,Standard Class,AB-10060,Adam Bellavance,Home Office,United States,Waynesboro,22980,FUR-FU-10004864,Furniture,Furnishings,"Howard Miller 14-1/2"" Diameter Chrome Round Wall Clock"
160.32,2,44.8896,0,South,Virginia,2365,US-2017-108637,3/13/2017 0:00,3/18/2017 0:00,Standard Class,AB-10060,Adam Bellavance,Home Office,United States,Waynesboro,22980,OFF-AP-10004540,Office Supplies,Appliances,"Eureka The Boss Lite 10-Amp Upright Vacuum, Blue"
46,4,20.7,0,South,Virginia,2366,US-2017-108637,3/13/2017 0:00,3/18/2017 0:00,Standard Class,AB-10060,Adam Bellavance,Home Office,United States,Waynesboro,22980,OFF-BI-10004965,Office Supplies,Binders,Ibico Covers for Plastic or Wire Binding Elements
14.272,8,4.2816,0.2,South,North Carolina,2471,US-2017-135923,1/22/2017 0:00,1/28/2017 0:00,Standard Class,CM-11935,Carlos Meador,Consumer,United States,Fayetteville,28314,FUR-FU-10002107,Furniture,Furnishings,Eldon Pizzaz Desk Accessories
451.136,4,-67.6704,0.2,South,North Carolina,2472,US-2017-135923,1/22/2017 0:00,1/28/2017 0:00,Standard Class,CM-11935,Carlos Meador,Consumer,United States,Fayetteville,28314,FUR-BO-10002213,Furniture,Bookcases,"Sauder Forest Hills Library, Woodland Oak Finish"
64.864,4,6.4864,0.2,South,North Carolina,2473,US-2017-135923,1/22/2017 0:00,1/28/2017 0:00,Standard Class,CM-11935,Carlos Meador,Consumer,United States,Fayetteville,28314,OFF-AP-10000692,Office Supplies,Appliances,Fellowes Mighty 8 Compact Surge Protector
25.92,4,12.4416,0,South,South Carolina,2554,CA-2017-155439,9/14/2017 0:00,9/18/2017 0:00,Standard Class,PN-18775,Parhena Norris,Home Office,United States,Columbia,29203,OFF-PA-10000029,Office Supplies,Paper,Xerox 224
705.544,7,70.5544,0.2,South,Florida,2555,CA-2017-118626,8/15/2017 0:00,8/20/2017 0:00,Standard Class,JC-15775,John Castell,Consumer,United States,Tallahassee,32303,TEC-PH-10000369,Technology,Phones,HTC One Mini
36.792,1,4.1391,0.2,South,North Carolina,2644,CA-2017-149111,4/17/2017 0:00,4/21/2017 0:00,Second Class,BF-11170,Ben Ferrer,Home Office,United States,Raleigh,27604,TEC-PH-10003092,Technology,Phones,Motorola L804
18.624,8,6.2856,0.2,South,North Carolina,2645,CA-2017-149111,4/17/2017 0:00,4/21/2017 0:00,Second Class,BF-11170,Ben Ferrer,Home Office,United States,Raleigh,27604,FUR-FU-10000206,Furniture,Furnishings,"GE General Purpose, Extra Long Life, Showcase & Floodlight Incandescent Bulbs"
3.984,1,1.2948,0.2,South,Tennessee,2664,CA-2017-164784,5/1/2017 0:00,5/4/2017 0:00,First Class,HF-14995,Herbert Flentye,Consumer,United States,Memphis,38109,OFF-LA-10001569,Office Supplies,Labels,Avery 499
370.62,3,-142.071,0.4,South,Tennessee,2665,CA-2017-164784,5/1/2017 0:00,5/4/2017 0:00,First Class,HF-14995,Herbert Flentye,Consumer,United States,Memphis,38109,FUR-TA-10004534,Furniture,Tables,Bevis 44 x 96 Conference Tables
2.742,2,-2.0108,0.7,South,Tennessee,2666,CA-2017-164784,5/1/2017 0:00,5/4/2017 0:00,First Class,HF-14995,Herbert Flentye,Consumer,United States,Memphis,38109,OFF-BI-10002954,Office Supplies,Binders,Newell 3-Hole Punched Plastic Slotted Magazine Holders for Binders
95.952,3,29.985,0.2,South,North Carolina,2686,CA-2017-133123,9/6/2017 0:00,9/11/2017 0:00,Standard Class,KB-16315,Karl Braun,Consumer,United States,Thomasville,27360,OFF-EN-10003055,Office Supplies,Envelopes,"Blue String-Tie & Button Interoffice Envelopes, 10 x 13"
3.204,2,-2.4564,0.7,South,North Carolina,2687,CA-2017-133123,9/6/2017 0:00,9/11/2017 0:00,Standard Class,KB-16315,Karl Braun,Consumer,United States,Thomasville,27360,OFF-BI-10001031,Office Supplies,Binders,Pressboard Data Binders by Wilson Jones
81.2,5,12.18,0,South,Virginia,2723,CA-2017-164735,4/14/2017 0:00,4/19/2017 0:00,Second Class,TB-21400,Tom Boeckenhauer,Consumer,United States,Alexandria,22304,OFF-ST-10001558,Office Supplies,Storage,Acco Perma 4000 Stacking Storage Drawers
76.92,4,31.5372,0,South,Georgia,2759,CA-2017-146171,3/11/2017 0:00,3/15/2017 0:00,Standard Class,JP-16135,Julie Prescott,Home Office,United States,Columbus,31907,FUR-FU-10004270,Furniture,Furnishings,"Executive Impressions 13"" Clairmont Wall Clock"
481.32,4,125.1432,0,South,Georgia,2760,CA-2017-146171,3/11/2017 0:00,3/15/2017 0:00,Standard Class,JP-16135,Julie Prescott,Home Office,United States,Columbus,31907,OFF-ST-10001526,Office Supplies,Storage,Iceberg Mobile Mega Data/Printer Cart
783.96,5,78.396,0.2,South,Florida,2801,CA-2017-153318,10/25/2017 0:00,10/28/2017 0:00,First Class,JS-15595,Jill Stevenson,Corporate,United States,Miami,33180,TEC-PH-10000984,Technology,Phones,Panasonic KX-TG9471B
695.7,2,-27.828,0.5,South,Florida,2839,CA-2017-147368,6/9/2017 0:00,6/12/2017 0:00,First Class,TC-21295,Toby Carlisle,Consumer,United States,Tallahassee,32303,TEC-MA-10002178,Technology,Machines,Cisco CP-7937G Unified IP Conference Station Phone
7.434,6,-5.6994,0.7,South,Florida,2850,CA-2017-123617,11/28/2017 0:00,12/3/2017 0:00,Standard Class,AJ-10780,Anthony Jacobs,Corporate,United States,Palm Coast,32137,OFF-BI-10002976,Office Supplies,Binders,ACCOHIDE Binder by Acco
225.296,2,22.5296,0.2,South,North Carolina,2858,CA-2017-154690,8/15/2017 0:00,8/17/2017 0:00,Second Class,CC-12370,Christopher Conant,Consumer,United States,Fayetteville,28314,FUR-CH-10000988,Furniture,Chairs,Hon Olson Stacker Stools
959.968,4,119.996,0.2,South,North Carolina,2898,US-2017-164630,1/4/2017 0:00,1/9/2017 0:00,Standard Class,EB-13975,Erica Bern,Corporate,United States,Charlotte,28205,TEC-CO-10000971,Technology,Copiers,Hewlett Packard 310 Color Digital Copier
24.96,4,6.24,0,South,Georgia,2986,CA-2017-139269,5/25/2017 0:00,5/30/2017 0:00,Standard Class,JB-16045,Julia Barnett,Home Office,United States,Columbus,31907,FUR-FU-10000755,Furniture,Furnishings,Eldon Expressions Mahogany Wood Desk Collection
19.36,2,9.2928,0,South,Georgia,2987,CA-2017-139269,5/25/2017 0:00,5/30/2017 0:00,Standard Class,JB-16045,Julia Barnett,Home Office,United States,Columbus,31907,OFF-PA-10002893,Office Supplies,Paper,"Wirebound Service Call Books, 5 1/2"" x 4"""
1267.65,9,152.118,0,South,Georgia,2988,CA-2017-139269,5/25/2017 0:00,5/30/2017 0:00,Standard Class,JB-16045,Julia Barnett,Home Office,United States,Columbus,31907,OFF-ST-10000689,Office Supplies,Storage,"Fellowes Strictly Business Drawer File, Letter/Legal Size"
191.82,3,74.8098,0,South,Kentucky,3009,CA-2017-124772,12/5/2017 0:00,12/6/2017 0:00,First Class,JG-15160,James Galang,Consumer,United States,Murray,42071,FUR-FU-10004748,Furniture,Furnishings,"Howard Miller 16"" Diameter Gallery Wall Clock"
16.72,5,3.344,0.2,South,Tennessee,3041,US-2017-147991,5/5/2017 0:00,5/9/2017 0:00,Standard Class,ZD-21925,Zuschuss Donatelli,Consumer,United States,Chattanooga,37421,FUR-FU-10004270,Furniture,Furnishings,"Eldon Image Series Desk Accessories, Burgundy"
67.64,5,5.9185,0.2,South,North Carolina,3159,US-2017-162677,3/26/2017 0:00,3/27/2017 0:00,First Class,DB-13210,Dean Braden,Consumer,United States,Jacksonville,28540,OFF-ST-10001291,Office Supplies,Storage,"Tenex Personal Self-Stacking Standard File Box, Black/Gray"
119.976,3,-17.9964,0.2,South,North Carolina,3160,US-2017-162677,3/26/2017 0:00,3/27/2017 0:00,First Class,DB-13210,Dean Braden,Consumer,United States,Jacksonville,28540,TEC-AC-10001314,Technology,Accessories,Case Logic 2.4GHz Wireless Keyboard
390.272,8,-24.392,0.2,South,Florida,3169,CA-2017-138695,5/28/2017 0:00,6/3/2017 0:00,Standard Class,KC-16675,Kimberly Carter,Corporate,United States,Tallahassee,32303,FUR-CH-10003833,Furniture,Chairs,Novimex Fabric Task Chair
62.192,13,19.435,0.2,South,Florida,3170,CA-2017-138695,5/28/2017 0:00,6/3/2017 0:00,Standard Class,KC-16675,Kimberly Carter,Corporate,United States,Tallahassee,32303,OFF-PA-10001667,Office Supplies,Paper,Great White Multi-Use Recycled Paper (20Lb. and 84 Bright)
23.34,3,0.2334,0,South,Mississippi,3196,CA-2017-169026,8/8/2017 0:00,8/13/2017 0:00,Standard Class,CM-12655,Corinna Mitchell,Home Office,United States,Jackson,39212,OFF-FA-10001883,Office Supplies,Fasteners,"Alliance Super-Size Bands, Assorted Sizes"
56.45,5,14.677,0,South,Virginia,3242,US-2017-140809,2/1/2017 0:00,2/3/2017 0:00,First Class,CK-12760,Cyma Kinney,Corporate,United States,Arlington,22204,OFF-ST-10002214,Office Supplies,Storage,X-Rack File for Hanging Folders
79.974,3,-29.3238,0.4,South,Tennessee,3258,US-2017-161844,12/9/2017 0:00,12/14/2017 0:00,Second Class,DK-12835,Damala Kotsonis,Corporate,United States,Franklin,37064,FUR-TA-10001676,Furniture,Tables,Hon 61000 Series Interactive Training Tables
2.946,2,-2.0622,0.7,South,Tennessee,3259,US-2017-161844,12/9/2017 0:00,12/14/2017 0:00,Second Class,DK-12835,Damala Kotsonis,Corporate,United States,Franklin,37064,OFF-BI-10003712,Office Supplies,Binders,"Acco Pressboard Covers with Storage Hooks, 14 7/8"" x 11"", Light Blue"
10.08,4,3.528,0.2,South,Florida,3265,CA-2017-122518,3/4/2017 0:00,3/8/2017 0:00,Second Class,RF-19345,Randy Ferguson,Corporate,United States,Miami,33180,OFF-LA-10001641,Office Supplies,Labels,Avery 518
86.45,7,38.038,0,South,Mississippi,3312,CA-2017-162747,3/20/2017 0:00,3/25/2017 0:00,Second Class,AH-10030,Aaron Hawkins,Corporate,United States,Gulfport,39503,FUR-FU-10003691,Furniture,Furnishings,"Eldon Image Series Desk Accessories, Ebony"
16.496,2,5.5674,0.2,South,Tennessee,3456,CA-2017-166485,2/20/2017 0:00,2/27/2017 0:00,Standard Class,AH-10210,Alan Hwang,Consumer,United States,Nashville,37211,OFF-PA-10004996,Office Supplies,Paper,"Speediset Carbonless Redi-Letter 7"" x 8 1/2"""
5.08,1,1.651,0.2,South,Florida,3464,CA-2017-165470,11/25/2017 0:00,11/30/2017 0:00,Standard Class,HJ-14875,Heather Jas,Home Office,United States,Jacksonville,32216,OFF-PA-10004675,Office Supplies,Paper,"Telephone Message Books with Fax/Mobile Section, 5 1/2"" x 3 3/16"""
133.38,6,58.6872,0,South,Mississippi,3469,CA-2017-146143,12/14/2017 0:00,12/19/2017 0:00,Standard Class,MC-17845,Michael Chen,Consumer,United States,Jackson,39212,FUR-FU-10002045,Furniture,Furnishings,"Executive Impressions 14"""
36.192,1,2.7144,0.2,South,North Carolina,3487,US-2017-134761,11/30/2017 0:00,11/30/2017 0:00,Same Day,DB-13210,Dean Braden,Consumer,United States,Hickory,28601,TEC-PH-10002890,Technology,Phones,AT&T 17929 Lendline Telephone
209.97,3,71.3898,0,South,Alabama,3500,CA-2017-108616,9/29/2017 0:00,10/3/2017 0:00,Standard Class,JK-15730,Joe Kamberova,Consumer,United States,Mobile,36608,TEC-AC-10000420,Technology,Accessories,Logitech G500s Laser Gaming Mouse with Adjustable Weight Tuning
62.94,3,30.2112,0,South,Alabama,3501,CA-2017-108616,9/29/2017 0:00,10/3/2017 0:00,Standard Class,JK-15730,Joe Kamberova,Consumer,United States,Mobile,36608,OFF-BI-10001989,Office Supplies,Binders,Premium Transparent Presentation Covers by GBC
25.92,9,7.776,0,South,Alabama,3502,CA-2017-108616,9/29/2017 0:00,10/3/2017 0:00,Standard Class,JK-15730,Joe Kamberova,Consumer,United States,Mobile,36608,OFF-AR-10001149,Office Supplies,Art,"Sanford Colorific Colored Pencils, 12/Box"
66.3,3,8.619,0,South,Mississippi,3516,CA-2017-168536,12/20/2017 0:00,12/24/2017 0:00,Standard Class,SC-20800,Stuart Calhoun,Consumer,United States,Jackson,39212,TEC-AC-10002323,Technology,Accessories,SanDisk Ultra 32 GB MicroSDHC Class 10 Memory Card
30.816,9,9.63,0.2,South,North Carolina,3517,US-2017-113649,8/9/2017 0:00,8/12/2017 0:00,First Class,HA-14920,Helen Andreada,Consumer,United States,Fayetteville,28314,OFF-PA-10000130,Office Supplies,Paper,Xerox 199
44.784,2,4.4784,0.2,South,North Carolina,3518,US-2017-113649,8/9/2017 0:00,8/12/2017 0:00,First Class,HA-14920,Helen Andreada,Consumer,United States,Fayetteville,28314,TEC-PH-10002350,Technology,Phones,Apple EarPods with Remote and Mic
569.536,4,64.0728,0.2,South,North Carolina,3519,US-2017-113649,8/9/2017 0:00,8/12/2017 0:00,First Class,HA-14920,Helen Andreada,Consumer,United States,Fayetteville,28314,OFF-AP-10002518,Office Supplies,Appliances,Kensington 7 Outlet MasterPiece Power Center
7.89,1,0.3156,0,South,Mississippi,3579,CA-2017-104157,7/25/2017 0:00,7/29/2017 0:00,Standard Class,MT-17815,Meg Tillman,Consumer,United States,Jackson,39212,OFF-ST-10000321,Office Supplies,Storage,Akro Stacking Bins
65.5,5,32.095,0,South,Mississippi,3580,CA-2017-104157,7/25/2017 0:00,7/29/2017 0:00,Standard Class,MT-17815,Meg Tillman,Consumer,United States,Jackson,39212,OFF-PA-10004665,Office Supplies,Paper,Advantus Motivational Note Cards
2430.08,8,388.8128,0,South,Mississippi,3581,CA-2017-104157,7/25/2017 0:00,7/29/2017 0:00,Standard Class,MT-17815,Meg Tillman,Consumer,United States,Jackson,39212,FUR-TA-10004915,Furniture,Tables,"Office Impressions End Table, 20-1/2""H x 24""W x 20""D"
40.776,3,4.5873,0.2,South,Tennessee,3621,CA-2017-109743,9/22/2017 0:00,9/29/2017 0:00,Standard Class,SH-19975,Sally Hughsby,Corporate,United States,Smyrna,37167,OFF-AR-10003727,Office Supplies,Art,Berol Giant Pencil Sharpener
63.936,8,5.5944,0.2,South,Tennessee,3622,CA-2017-109743,9/22/2017 0:00,9/29/2017 0:00,Standard Class,SH-19975,Sally Hughsby,Corporate,United States,Smyrna,37167,TEC-PH-10004071,Technology,Phones,PayAnywhere Card Reader
2.694,2,-2.245,0.7,South,Florida,3688,CA-2017-108567,5/20/2017 0:00,5/24/2017 0:00,Standard Class,DB-13210,Dean Braden,Consumer,United States,Port Saint Lucie,34952,OFF-BI-10004140,Office Supplies,Binders,Avery Non-Stick Binders
232.96,7,116.48,0,South,Virginia,3695,CA-2017-142097,10/15/2017 0:00,10/20/2017 0:00,Standard Class,QJ-19255,Quincy Jones,Corporate,United States,Springfield,22153,OFF-BI-10002082,Office Supplies,Binders,GBC Twin Loop Wire Binding Elements
66.54,6,32.6046,0,South,Virginia,3696,CA-2017-142097,10/15/2017 0:00,10/20/2017 0:00,Standard Class,QJ-19255,Quincy Jones,Corporate,United States,Springfield,22153,OFF-EN-10002312,Office Supplies,Envelopes,#10 Self-Seal White Envelopes
43.26,3,14.2758,0,South,Virginia,3697,CA-2017-142097,10/15/2017 0:00,10/20/2017 0:00,Standard Class,QJ-19255,Quincy Jones,Corporate,United States,Springfield,22153,OFF-AP-10000696,Office Supplies,Appliances,Holmes Odor Grabber
5.04,2,0.1512,0,South,Georgia,3718,CA-2017-142370,9/19/2017 0:00,9/23/2017 0:00,Standard Class,TP-21130,Theone Pippenger,Consumer,United States,Columbus,31907,OFF-SU-10003002,Office Supplies,Supplies,Letter Slitter
249.95,5,107.4785,0,South,Georgia,3719,CA-2017-142370,9/19/2017 0:00,9/23/2017 0:00,Standard Class,TP-21130,Theone Pippenger,Consumer,United States,Columbus,31907,TEC-AC-10002926,Technology,Accessories,Logitech Wireless Marathon Mouse M705
18.92,4,7.3788,0,South,Mississippi,3721,CA-2017-151155,12/20/2017 0:00,12/24/2017 0:00,Standard Class,AB-10255,Alejandro Ballentine,Home Office,United States,Jackson,39212,FUR-FU-10001918,Furniture,Furnishings,C-Line Cubicle Keepers Polyproplyene Holder With Velcro Backings
15.42,2,6.939,0,South,Mississippi,3722,CA-2017-151155,12/20/2017 0:00,12/24/2017 0:00,Standard Class,AB-10255,Alejandro Ballentine,Home Office,United States,Jackson,39212,OFF-BI-10003910,Office Supplies,Binders,DXL Angle-View Binders with Locking Rings by Samsill
118.25,5,34.2925,0,South,Georgia,3746,CA-2017-149979,9/23/2017 0:00,9/28/2017 0:00,Second Class,RA-19915,Russell Applegate,Consumer,United States,Columbus,31907,OFF-ST-10003058,Office Supplies,Storage,Eldon Mobile Mega Data Cart  Mega Stackable  Add-On Trays
368.97,3,81.1734,0,South,Georgia,3747,CA-2017-149979,9/23/2017 0:00,9/28/2017 0:00,Second Class,RA-19915,Russell Applegate,Consumer,United States,Columbus,31907,FUR-CH-10002084,Furniture,Chairs,Hon Mobius Operator's Chair
102.592,1,10.2592,0.2,South,North Carolina,3801,CA-2017-156503,10/14/2017 0:00,10/20/2017 0:00,Standard Class,NC-18415,Nathan Cano,Consumer,United States,Jacksonville,28540,FUR-CH-10003606,Furniture,Chairs,SAFCO Folding Chair Trolley
22.704,1,5.9598,0.2,South,North Carolina,3802,CA-2017-156503,10/14/2017 0:00,10/20/2017 0:00,Standard Class,NC-18415,Nathan Cano,Consumer,United States,Jacksonville,28540,TEC-AC-10002473,Technology,Accessories,Maxell 4.7GB DVD-R
93.024,3,33.7212,0.2,South,North Carolina,3803,CA-2017-156503,10/14/2017 0:00,10/20/2017 0:00,Standard Class,NC-18415,Nathan Cano,Consumer,United States,Jacksonville,28540,OFF-PA-10002319,Office Supplies,Paper,Xerox 1944
12.768,2,1.4364,0.2,South,North Carolina,3804,CA-2017-156503,10/14/2017 0:00,10/20/2017 0:00,Standard Class,NC-18415,Nathan Cano,Consumer,United States,Jacksonville,28540,OFF-SU-10000946,Office Supplies,Supplies,Staple remover
35.008,4,13.128,0.2,South,North Carolina,3805,CA-2017-156503,10/14/2017 0:00,10/20/2017 0:00,Standard Class,NC-18415,Nathan Cano,Consumer,United States,Jacksonville,28540,OFF-EN-10001335,Office Supplies,Envelopes,"White Business Envelopes with Contemporary Seam, Recycled White Business Envelopes"
39.152,1,14.682,0.2,South,North Carolina,3806,CA-2017-156503,10/14/2017 0:00,10/20/2017 0:00,Standard Class,NC-18415,Nathan Cano,Consumer,United States,Jacksonville,28540,OFF-PA-10002377,Office Supplies,Paper,Xerox 1916
823.96,5,51.4975,0.2,South,Florida,3815,CA-2017-152471,7/8/2017 0:00,7/8/2017 0:00,Same Day,ZD-21925,Zuschuss Donatelli,Consumer,United States,Jacksonville,32216,TEC-PH-10002824,Technology,Phones,Jabra SPEAK 410 Multidevice Speakerphone
15.984,2,4.995,0.2,South,Florida,3816,CA-2017-152471,7/8/2017 0:00,7/8/2017 0:00,Same Day,ZD-21925,Zuschuss Donatelli,Consumer,United States,Jacksonville,32216,OFF-PA-10004965,Office Supplies,Paper,Xerox 1921
23.472,3,7.6284,0.2,South,Tennessee,3874,CA-2017-136231,9/5/2017 0:00,9/7/2017 0:00,Second Class,DM-13015,Darrin Martin,Consumer,United States,Johnson City,37604,OFF-EN-10001099,Office Supplies,Envelopes,Staple envelope
86.058,7,-63.1092,0.7,South,Tennessee,3875,CA-2017-136231,9/5/2017 0:00,9/7/2017 0:00,Second Class,DM-13015,Darrin Martin,Consumer,United States,Johnson City,37604,OFF-BI-10001597,Office Supplies,Binders,"Wilson Jones Ledger-Size, Piano-Hinge Binder, 2"", Blue"
108.784,2,6.799,0.2,South,Tennessee,3876,CA-2017-136231,9/5/2017 0:00,9/7/2017 0:00,Second Class,DM-13015,Darrin Martin,Consumer,United States,Johnson City,37604,TEC-PH-10002660,Technology,Phones,Nortel Networks T7316 E Nt8 B27
10.272,3,3.21,0.2,South,Tennessee,3877,CA-2017-136231,9/5/2017 0:00,9/7/2017 0:00,Second Class,DM-13015,Darrin Martin,Consumer,United States,Johnson City,37604,OFF-PA-10000327,Office Supplies,Paper,Xerox 1971
38.19,5,-26.733,0.7,South,Florida,3878,CA-2017-140641,10/28/2017 0:00,11/2/2017 0:00,Standard Class,EP-13915,Emily Phan,Consumer,United States,Tampa,33614,OFF-BI-10001191,Office Supplies,Binders,Canvas Sectional Post Binders
11.277,3,-8.6457,0.7,South,Tennessee,3958,CA-2017-156573,5/29/2017 0:00,6/2/2017 0:00,Standard Class,RB-19360,Raymond Buch,Consumer,United States,Nashville,37211,OFF-BI-10002414,Office Supplies,Binders,GBC ProClick Spines for 32-Hole Punch
4.448,2,0.3336,0.2,South,Tennessee,3959,CA-2017-156573,5/29/2017 0:00,6/2/2017 0:00,Standard Class,RB-19360,Raymond Buch,Consumer,United States,Nashville,37211,OFF-AR-10003732,Office Supplies,Art,Newell 333
44.76,3,14.547,0.2,South,Tennessee,3960,CA-2017-156573,5/29/2017 0:00,6/2/2017 0:00,Standard Class,RB-19360,Raymond Buch,Consumer,United States,Nashville,37211,FUR-FU-10001085,Furniture,Furnishings,3M Polarizing Light Filter Sleeves
39.92,4,11.1776,0,South,Virginia,3977,US-2017-116400,10/22/2017 0:00,10/24/2017 0:00,First Class,EB-13930,Eric Barreto,Consumer,United States,Richmond,23223,FUR-FU-10003731,Furniture,Furnishings,"Eldon Expressions Wood and Plastic Desk Accessories, Oak"
79.12,5,13.846,0.2,South,Tennessee,3989,US-2017-159415,4/17/2017 0:00,4/22/2017 0:00,Standard Class,CS-12175,Charles Sheldon,Corporate,United States,Columbia,38401,FUR-FU-10003798,Furniture,Furnishings,"Ultra Door Kickplate, 8""H x 34""W"
38.088,4,-27.9312,0.7,South,Tennessee,4155,CA-2017-139689,12/29/2017 0:00,1/3/2018 0:00,Standard Class,MP-17965,Michael Paige,Corporate,United States,Bristol,37620,OFF-BI-10004781,Office Supplies,Binders,GBC Wire Binding Strips
2.808,3,-1.9656,0.7,South,Tennessee,4156,CA-2017-139689,12/29/2017 0:00,1/3/2018 0:00,Standard Class,MP-17965,Michael Paige,Corporate,United States,Bristol,37620,OFF-BI-10000145,Office Supplies,Binders,Zipper Ring Binder Pockets
12.84,3,3.7236,0,South,Georgia,4160,US-2017-164588,4/16/2017 0:00,4/23/2017 0:00,Standard Class,AP-10915,Arthur Prichep,Consumer,United States,Columbus,31907,OFF-AR-10003056,Office Supplies,Art,Newell 341
14.2,2,6.532,0,South,South Carolina,4173,CA-2017-152163,7/1/2017 0:00,7/1/2017 0:00,Same Day,JF-15355,Jay Fein,Consumer,United States,Columbia,29203,OFF-BI-10002215,Office Supplies,Binders,"Wilson Jones Hanging View Binder, White, 1"""
12.96,2,6.2208,0,South,South Carolina,4174,CA-2017-152163,7/1/2017 0:00,7/1/2017 0:00,Same Day,JF-15355,Jay Fein,Consumer,United States,Columbia,29203,OFF-PA-10000788,Office Supplies,Paper,Xerox 210
58.34,2,28.0032,0,South,South Carolina,4175,CA-2017-152163,7/1/2017 0:00,7/1/2017 0:00,Same Day,JF-15355,Jay Fein,Consumer,United States,Columbia,29203,OFF-BI-10003364,Office Supplies,Binders,Binding Machine Supplies
149.97,3,5.9988,0,South,Virginia,4243,CA-2017-159142,4/4/2017 0:00,4/5/2017 0:00,First Class,ME-17320,Maria Etezadi,Home Office,United States,Springfield,22153,TEC-PH-10001448,Technology,Phones,Anker Astro 15000mAh USB Portable Charger
27.81,3,13.0707,0,South,Virginia,4244,CA-2017-159142,4/4/2017 0:00,4/5/2017 0:00,First Class,ME-17320,Maria Etezadi,Home Office,United States,Springfield,22153,OFF-PA-10001776,Office Supplies,Paper,"Wirebound Message Books, Four 2 3/4"" x 5"" Forms per Page, 600 Sets per Book"
20,4,9.6,0,South,Kentucky,4431,CA-2017-168893,11/3/2017 0:00,11/8/2017 0:00,Second Class,AP-10915,Arthur Prichep,Consumer,United States,Henderson,42420,OFF-FA-10002280,Office Supplies,Fasteners,Advantus Plastic Paper Clips
7.98,3,2.0748,0,South,Kentucky,4432,CA-2017-168893,11/3/2017 0:00,11/8/2017 0:00,Second Class,AP-10915,Arthur Prichep,Consumer,United States,Henderson,42420,OFF-AR-10001770,Office Supplies,Art,Economy #2 Pencils
24.1,5,9.158,0,South,Kentucky,4433,CA-2017-168893,11/3/2017 0:00,11/8/2017 0:00,Second Class,AP-10915,Arthur Prichep,Consumer,United States,Henderson,42420,FUR-FU-10002885,Furniture,Furnishings,Magna Visual Magnetic Picture Hangers
8.75,1,2.625,0,South,Kentucky,4434,CA-2017-168893,11/3/2017 0:00,11/8/2017 0:00,Second Class,AP-10915,Arthur Prichep,Consumer,United States,Henderson,42420,OFF-AR-10003772,Office Supplies,Art,Boston 16750 Black Compact Battery Pencil Sharpener
842.94,3,160.1586,0,South,Kentucky,4435,CA-2017-168893,11/3/2017 0:00,11/8/2017 0:00,Second Class,AP-10915,Arthur Prichep,Consumer,United States,Henderson,42420,FUR-TA-10003392,Furniture,Tables,Global Adaptabilities Conference Tables
290.98,1,75.6548,0,South,Virginia,4515,CA-2017-120873,10/27/2017 0:00,11/1/2017 0:00,Second Class,BW-11200,Ben Wallace,Consumer,United States,Hampton,23666,FUR-CH-10000847,Furniture,Chairs,Global Executive Mid-Back Manager's Chair
31.36,4,15.68,0,South,Mississippi,4612,CA-2017-109407,1/24/2017 0:00,1/26/2017 0:00,Second Class,HG-14965,Henry Goldwyn,Corporate,United States,Gulfport,39503,OFF-BI-10000285,Office Supplies,Binders,XtraLife ClearVue Slant-D Ring Binders by Cardinal
47.616,3,3.5712,0.2,South,Florida,4613,US-2017-165953,12/31/2017 0:00,1/6/2018 0:00,Standard Class,EP-13915,Emily Phan,Consumer,United States,Jacksonville,32216,OFF-AR-10000588,Office Supplies,Art,Newell 345
23.48,5,8.218,0.2,South,Florida,4614,US-2017-165953,12/31/2017 0:00,1/6/2018 0:00,Standard Class,EP-13915,Emily Phan,Consumer,United States,Jacksonville,32216,OFF-PA-10002250,Office Supplies,Paper,Things To Do Today Pad
1599.92,8,751.9624,0,South,Virginia,4640,CA-2017-102162,9/11/2017 0:00,9/16/2017 0:00,Standard Class,JF-15565,Jill Fjeld,Consumer,United States,Newport News,23602,TEC-CO-10001943,Technology,Copiers,Canon PC-428 Personal Copier
11.09,1,5.4341,0,South,Virginia,4641,CA-2017-102162,9/11/2017 0:00,9/16/2017 0:00,Standard Class,JF-15565,Jill Fjeld,Consumer,United States,Newport News,23602,OFF-EN-10002312,Office Supplies,Envelopes,#10 Self-Seal White Envelopes
3,1,1.05,0.2,South,Florida,4664,CA-2017-111409,9/18/2017 0:00,9/22/2017 0:00,Standard Class,PO-18850,Patrick O'Brill,Consumer,United States,Jacksonville,32216,OFF-LA-10002787,Office Supplies,Labels,Avery 480
7.506,9,-6.0048,0.7,South,Florida,4665,CA-2017-116232,9/22/2017 0:00,9/26/2017 0:00,Standard Class,AC-10450,Amy Cox,Consumer,United States,Pembroke Pines,33024,OFF-BI-10004022,Office Supplies,Binders,Acco Suede Grain Vinyl Round Ring Binder
16.56,2,5.796,0.2,South,Florida,4666,CA-2017-116232,9/22/2017 0:00,9/26/2017 0:00,Standard Class,AC-10450,Amy Cox,Consumer,United States,Pembroke Pines,33024,OFF-LA-10001158,Office Supplies,Labels,"Avery Address/Shipping Labels for Typewriters, 4"" x 2"""
863.928,9,86.3928,0.2,South,North Carolina,4683,CA-2017-127698,12/1/2017 0:00,12/1/2017 0:00,Same Day,MV-18190,Mike Vittorini,Consumer,United States,Raleigh,27604,TEC-PH-10003811,Technology,Phones,Jabra Supreme Plus Driver Edition Headset
14.73,3,7.2177,0,South,Georgia,4724,CA-2017-159653,5/22/2017 0:00,5/22/2017 0:00,Same Day,JF-15490,Jeremy Farry,Consumer,United States,Athens,30605,OFF-LA-10004345,Office Supplies,Labels,Avery 493
9.888,2,-6.9216,0.7,South,Florida,4725,CA-2017-131968,11/11/2017 0:00,11/15/2017 0:00,Standard Class,LB-16795,Laurel Beltran,Home Office,United States,Apopka,32712,OFF-BI-10002852,Office Supplies,Binders,Ibico Standard Transparent Covers
671.544,3,50.3658,0.2,South,Florida,4726,CA-2017-131968,11/11/2017 0:00,11/15/2017 0:00,Standard Class,LB-16795,Laurel Beltran,Home Office,United States,Apopka,32712,OFF-AP-10001058,Office Supplies,Appliances,Sanyo 2.5 Cubic Foot Mid-Size Office Refrigerators
40.68,3,-9.153,0.2,South,Tennessee,4752,CA-2017-159989,12/9/2017 0:00,12/13/2017 0:00,Standard Class,EB-13870,Emily Burns,Consumer,United States,Franklin,37064,TEC-PH-10000169,Technology,Phones,ARKON Windshield Dashboard Air Vent Car Mount Holder
57.582,3,-44.1462,0.7,South,Florida,4797,US-2017-148901,5/14/2017 0:00,5/19/2017 0:00,Standard Class,MK-17905,Michael Kennedy,Corporate,United States,Jacksonville,32216,OFF-BI-10001718,Office Supplies,Binders,GBC DocuBind P50 Personal Binding Machine
31.104,6,10.8864,0.2,South,Florida,4798,US-2017-148901,5/14/2017 0:00,5/19/2017 0:00,Standard Class,MK-17905,Michael Kennedy,Corporate,United States,Jacksonville,32216,OFF-PA-10004983,Office Supplies,Paper,Xerox 23
30.192,3,8.3028,0.2,South,Florida,4799,US-2017-148901,5/14/2017 0:00,5/19/2017 0:00,Standard Class,MK-17905,Michael Kennedy,Corporate,United States,Jacksonville,32216,FUR-FU-10002396,Furniture,Furnishings,"DAX Copper Panel Document Frame, 5 x 7 Size"
43.6,5,4.36,0.2,South,Florida,4800,US-2017-148901,5/14/2017 0:00,5/19/2017 0:00,Standard Class,MK-17905,Michael Kennedy,Corporate,United States,Jacksonville,32216,TEC-PH-10003988,Technology,Phones,"LF Elite 3D Dazzle Designer Hard Case Cover, Lf Stylus Pen and Wiper For Apple Iphone 5c Mini Lite"
4.768,2,0.4172,0.2,South,Florida,4801,US-2017-148901,5/14/2017 0:00,5/19/2017 0:00,Standard Class,MK-17905,Michael Kennedy,Corporate,United States,Jacksonville,32216,OFF-AR-10002467,Office Supplies,Art,Dixon Ticonderoga Pencils
10.38,2,-7.612,0.7,South,Florida,4802,US-2017-148901,5/14/2017 0:00,5/19/2017 0:00,Standard Class,MK-17905,Michael Kennedy,Corporate,United States,Jacksonville,32216,OFF-BI-10004002,Office Supplies,Binders,Wilson Jones International Size A4 Ring Binders
13.392,8,-9.8208,0.7,South,Florida,4803,US-2017-148901,5/14/2017 0:00,5/19/2017 0:00,Standard Class,MK-17905,Michael Kennedy,Corporate,United States,Jacksonville,32216,OFF-BI-10002309,Office Supplies,Binders,Avery Heavy-Duty EZD  Binder With Locking Rings
2.214,3,-1.476,0.7,South,Florida,4879,US-2017-131891,7/29/2017 0:00,7/31/2017 0:00,First Class,PW-19240,Pierre Wener,Consumer,United States,Pensacola,32503,OFF-BI-10000201,Office Supplies,Binders,"Avery Triangle Shaped Sheet Lifters, Black, 2/Pack"
182.67,3,52.9743,0,South,Georgia,4887,CA-2017-163167,11/28/2017 0:00,12/1/2017 0:00,Second Class,RF-19345,Randy Ferguson,Corporate,United States,Marietta,30062,FUR-CH-10004477,Furniture,Chairs,"Global Push Button Manager's Chair, Indigo"
101.7,6,6.102,0,South,Georgia,4888,CA-2017-163167,11/28/2017 0:00,12/1/2017 0:00,Second Class,RF-19345,Randy Ferguson,Corporate,United States,Marietta,30062,TEC-AC-10003441,Technology,Accessories,Kingston Digital DataTraveler 32GB USB 2.0
1126.02,3,56.301,0,South,Georgia,4889,CA-2017-163167,11/28/2017 0:00,12/1/2017 0:00,Second Class,RF-19345,Randy Ferguson,Corporate,United States,Marietta,30062,OFF-ST-10004459,Office Supplies,Storage,Tennsco Single-Tier Lockers
1263.3,6,315.825,0,South,Georgia,4890,CA-2017-163167,11/28/2017 0:00,12/1/2017 0:00,Second Class,RF-19345,Randy Ferguson,Corporate,United States,Marietta,30062,OFF-ST-10003805,Office Supplies,Storage,"24 Capacity Maxi Data Binder Racks, Pearl"
7.764,4,-5.176,0.7,South,Florida,4965,CA-2017-141180,5/15/2017 0:00,5/19/2017 0:00,Second Class,DP-13000,Darren Powers,Consumer,United States,Fort Lauderdale,33311,OFF-BI-10000301,Office Supplies,Binders,GBC Instant Report Kit
207.984,2,-28.5978,0.2,South,Florida,4971,US-2017-153815,11/6/2017 0:00,11/9/2017 0:00,First Class,KL-16555,Kelly Lampkin,Corporate,United States,Jacksonville,32216,FUR-CH-10000513,Furniture,Chairs,High-Back Leather Manager's Chair
36.112,2,12.6392,0.2,South,Florida,4972,US-2017-153815,11/6/2017 0:00,11/9/2017 0:00,First Class,KL-16555,Kelly Lampkin,Corporate,United States,Jacksonville,32216,OFF-PA-10002421,Office Supplies,Paper,Embossed Ink Jet Note Cards
35.568,2,5.7798,0.2,South,Florida,4973,US-2017-153815,11/6/2017 0:00,11/9/2017 0:00,First Class,KL-16555,Kelly Lampkin,Corporate,United States,Jacksonville,32216,FUR-FU-10004090,Furniture,Furnishings,"Executive Impressions 14"" Contract Wall Clock"
88.768,2,31.0688,0.2,South,Florida,4974,US-2017-153815,11/6/2017 0:00,11/9/2017 0:00,First Class,KL-16555,Kelly Lampkin,Corporate,United States,Jacksonville,32216,OFF-PA-10004071,Office Supplies,Paper,"Eaton Premium Continuous-Feed Paper, 25% Cotton, Letter Size, White, 1000 Shts/Box"
69.5,5,20.155,0,South,Virginia,5002,CA-2017-136126,5/24/2017 0:00,5/24/2017 0:00,Same Day,EH-14125,Eugene Hildebrand,Home Office,United States,Newport News,23602,OFF-SU-10000898,Office Supplies,Supplies,"Acme Hot Forged Carbon Steel Scissors with Nickel-Plated Handles, 3 7/8"" Cut, 8""L"
191.6,4,91.968,0,South,Virginia,5003,CA-2017-136126,5/24/2017 0:00,5/24/2017 0:00,Same Day,EH-14125,Eugene Hildebrand,Home Office,United States,Newport News,23602,OFF-PA-10004327,Office Supplies,Paper,Xerox 1911
699.98,2,195.9944,0,South,Kentucky,5060,CA-2017-109722,12/5/2017 0:00,12/7/2017 0:00,Second Class,TP-21130,Theone Pippenger,Consumer,United States,Georgetown,40324,TEC-PH-10000560,Technology,Phones,Samsung Galaxy S III - 16GB - pebble blue (T-Mobile)
584.82,9,70.1784,0,South,Kentucky,5061,CA-2017-109722,12/5/2017 0:00,12/7/2017 0:00,Second Class,TP-21130,Theone Pippenger,Consumer,United States,Georgetown,40324,OFF-ST-10000060,Office Supplies,Storage,Fellowes Bankers Box Staxonsteel Drawer File/Stacking System
35.168,4,8.3524,0.2,South,North Carolina,5083,CA-2017-155138,9/8/2017 0:00,9/12/2017 0:00,Standard Class,JM-15580,Jill Matthias,Consumer,United States,Monroe,28110,TEC-AC-10004209,Technology,Accessories,Memorex Froggy Flash Drive 4 GB
64.704,3,23.4552,0.2,South,North Carolina,5084,CA-2017-155138,9/8/2017 0:00,9/12/2017 0:00,Standard Class,JM-15580,Jill Matthias,Consumer,United States,Monroe,28110,OFF-PA-10000501,Office Supplies,Paper,Petty Cash Envelope
10.44,1,4.8024,0,South,Virginia,5244,CA-2017-149454,7/25/2017 0:00,7/26/2017 0:00,First Class,KM-16375,Katherine Murray,Home Office,United States,Arlington,22204,OFF-BI-10003694,Office Supplies,Binders,"Avery 3 1/2"" Diskette Storage Pages, 10/Pack"
249.95,5,19.996,0,South,Georgia,5251,US-2017-169369,12/12/2017 0:00,12/18/2017 0:00,Standard Class,EC-14050,Erin Creighton,Consumer,United States,Columbus,31907,TEC-AC-10001314,Technology,Accessories,Case Logic 2.4GHz Wireless Keyboard
49.12,4,23.0864,0,South,Georgia,5252,US-2017-169369,12/12/2017 0:00,12/18/2017 0:00,Standard Class,EC-14050,Erin Creighton,Consumer,United States,Columbus,31907,OFF-PA-10004438,Office Supplies,Paper,Xerox 1907
3.744,4,-2.6208,0.7,South,Florida,5274,US-2017-158309,11/26/2017 0:00,11/29/2017 0:00,First Class,PA-19060,Pete Armstrong,Home Office,United States,Miami,33142,OFF-BI-10000145,Office Supplies,Binders,Zipper Ring Binder Pockets
2275.5,10,386.835,0,South,Virginia,5301,CA-2017-113831,5/30/2017 0:00,6/3/2017 0:00,Standard Class,AH-10690,Anna Häberlin,Corporate,United States,Springfield,22153,FUR-TA-10002645,Furniture,Tables,Hon Rectangular Conference Tables
1979.7,6,653.301,0,South,Virginia,5302,CA-2017-113831,5/30/2017 0:00,6/3/2017 0:00,Standard Class,AH-10690,Anna Häberlin,Corporate,United States,Springfield,22153,TEC-AC-10003033,Technology,Accessories,Plantronics CS510 - Over-the-Head monaural Wireless Headset System
62.1,6,29.808,0,South,Virginia,5303,CA-2017-113831,5/30/2017 0:00,6/3/2017 0:00,Standard Class,AH-10690,Anna Häberlin,Corporate,United States,Springfield,22153,OFF-LA-10001297,Office Supplies,Labels,Avery 473
9.216,4,3.3408,0.2,South,North Carolina,5312,CA-2017-123414,8/21/2017 0:00,8/27/2017 0:00,Standard Class,SU-20665,Stephanie Ulpright,Home Office,United States,Greenville,27834,OFF-LA-10004559,Office Supplies,Labels,Avery 49
28.048,2,3.506,0.2,South,North Carolina,5313,CA-2017-123414,8/21/2017 0:00,8/27/2017 0:00,Standard Class,SU-20665,Stephanie Ulpright,Home Office,United States,Greenville,27834,OFF-SU-10002573,Office Supplies,Supplies,"Acme 10"" Easy Grip Assistive Scissors"
187.056,9,11.691,0.2,South,North Carolina,5316,CA-2017-154060,5/2/2017 0:00,5/8/2017 0:00,Standard Class,DL-12865,Dan Lawera,Consumer,United States,Greensboro,27405,FUR-CH-10002304,Furniture,Chairs,"Global Stack Chair without Arms, Black"
87.28,8,41.0216,0,South,Louisiana,5354,US-2017-101616,9/3/2017 0:00,9/6/2017 0:00,First Class,CY-12745,Craig Yedwab,Corporate,United States,Monroe,71203,OFF-BI-10000014,Office Supplies,Binders,Heavy-Duty E-Z-D Binders
17.92,4,8.6016,0,South,Georgia,5508,CA-2017-150000,4/8/2017 0:00,4/14/2017 0:00,Standard Class,PG-18820,Patrick Gardner,Consumer,United States,Smyrna,30080,OFF-EN-10002973,Office Supplies,Envelopes,Ampad #10 Peel & Seel Holiday Envelopes
1319.96,4,527.984,0,South,Alabama,5517,US-2017-138408,11/18/2017 0:00,11/21/2017 0:00,Second Class,KC-16255,Karen Carlisle,Corporate,United States,Huntsville,35810,TEC-AC-10003870,Technology,Accessories,Logitech Z-906 Speaker sys - home theater - 5.1-CH
179.94,6,75.5748,0,South,Arkansas,5532,US-2017-167472,6/6/2017 0:00,6/7/2017 0:00,First Class,CK-12595,Clytie Kelty,Consumer,United States,Little Rock,72209,TEC-AC-10001109,Technology,Accessories,Logitech Trackman Marble Mouse
26.85,3,5.1015,0,South,Arkansas,5533,US-2017-167472,6/6/2017 0:00,6/7/2017 0:00,First Class,CK-12595,Clytie Kelty,Consumer,United States,Little Rock,72209,TEC-AC-10003038,Technology,Accessories,Kingston Digital DataTraveler 16GB USB 2.0
323.37,3,129.348,0,South,Arkansas,5534,US-2017-167472,6/6/2017 0:00,6/7/2017 0:00,First Class,CK-12595,Clytie Kelty,Consumer,United States,Little Rock,72209,TEC-AC-10003174,Technology,Accessories,Plantronics S12 Corded Telephone Headset System
59.94,3,28.1718,0,South,Arkansas,5535,US-2017-167472,6/6/2017 0:00,6/7/2017 0:00,First Class,CK-12595,Clytie Kelty,Consumer,United States,Little Rock,72209,OFF-PA-10000157,Office Supplies,Paper,Xerox 191
64.14,3,30.7872,0,South,Arkansas,5536,US-2017-167472,6/6/2017 0:00,6/7/2017 0:00,First Class,CK-12595,Clytie Kelty,Consumer,United States,Little Rock,72209,OFF-BI-10001721,Office Supplies,Binders,Trimflex Flexible Post Binders
11.67,3,5.6016,0,South,Arkansas,5537,US-2017-167472,6/6/2017 0:00,6/7/2017 0:00,First Class,CK-12595,Clytie Kelty,Consumer,United States,Little Rock,72209,OFF-BI-10000591,Office Supplies,Binders,Avery Binder Labels
12.96,2,6.2208,0,South,Arkansas,5538,US-2017-167472,6/6/2017 0:00,6/7/2017 0:00,First Class,CK-12595,Clytie Kelty,Consumer,United States,Little Rock,72209,OFF-PA-10001534,Office Supplies,Paper,Xerox 230
17.088,2,1.068,0.2,South,North Carolina,5606,CA-2017-134516,9/20/2017 0:00,9/25/2017 0:00,Standard Class,FM-14215,Filia McAdams,Corporate,United States,Greensboro,27405,FUR-FU-10001546,Furniture,Furnishings,Dana Swing-Arm Lamps
98.392,1,-11.0691,0.2,South,North Carolina,5607,CA-2017-134516,9/20/2017 0:00,9/25/2017 0:00,Standard Class,FM-14215,Filia McAdams,Corporate,United States,Greensboro,27405,FUR-CH-10002880,Furniture,Chairs,"Global High-Back Leather Tilter, Burgundy"
7.04,4,3.0976,0,South,Georgia,5643,CA-2017-127985,4/1/2017 0:00,4/5/2017 0:00,Second Class,DB-12910,Daniel Byrd,Home Office,United States,Columbus,31907,FUR-FU-10003274,Furniture,Furnishings,Regeneration Desk Collection
249.584,2,31.198,0.2,South,North Carolina,5747,CA-2017-113733,12/8/2017 0:00,12/12/2017 0:00,Standard Class,LH-16900,Lena Hernandez,Consumer,United States,Greenville,27834,TEC-PH-10002496,Technology,Phones,Cisco SPA301
68.112,3,17.8794,0.2,South,North Carolina,5748,CA-2017-113733,12/8/2017 0:00,12/12/2017 0:00,Standard Class,LH-16900,Lena Hernandez,Consumer,United States,Greenville,27834,TEC-AC-10002473,Technology,Accessories,Maxell 4.7GB DVD-R
16.56,3,-2.484,0.2,South,North Carolina,5749,CA-2017-113733,12/8/2017 0:00,12/12/2017 0:00,Standard Class,LH-16900,Lena Hernandez,Consumer,United States,Greenville,27834,TEC-AC-10004877,Technology,Accessories,Imation 30456 USB Flash Drive 8GB
866.4,4,225.264,0,South,Kentucky,5754,CA-2017-118514,2/3/2017 0:00,2/10/2017 0:00,Standard Class,LC-17050,Liz Carlisle,Consumer,United States,Richmond,40475,FUR-CH-10000015,Furniture,Chairs,Hon Multipurpose Stacking Arm Chairs
12.192,3,4.1148,0.2,South,Tennessee,5807,CA-2017-149783,9/4/2017 0:00,9/7/2017 0:00,Second Class,DL-13315,Delfina Latchford,Consumer,United States,Knoxville,37918,OFF-PA-10002195,Office Supplies,Paper,"RSVP Cards & Envelopes, Blank White, 8-1/2"" X 11"", 24 Cards/25 Envelopes/Set"
87.168,2,8.7168,0.2,South,Tennessee,5808,CA-2017-149783,9/4/2017 0:00,9/7/2017 0:00,Second Class,DL-13315,Delfina Latchford,Consumer,United States,Knoxville,37918,OFF-AP-10001205,Office Supplies,Appliances,Belkin 5 Outlet SurgeMaster Power Centers
31.744,2,8.3328,0.2,South,Tennessee,5809,CA-2017-149783,9/4/2017 0:00,9/7/2017 0:00,Second Class,DL-13315,Delfina Latchford,Consumer,United States,Knoxville,37918,OFF-AR-10002987,Office Supplies,Art,Prismacolor Color Pencil Set
132.224,4,-18.1808,0.2,South,Tennessee,5810,CA-2017-125017,2/6/2017 0:00,2/11/2017 0:00,Standard Class,KB-16240,Karen Bern,Corporate,United States,Chattanooga,37421,FUR-FU-10000723,Furniture,Furnishings,"Deflect-o EconoMat Studded, No Bevel Mat for Low Pile Carpeting"
6.264,3,2.0358,0.2,South,North Carolina,5833,CA-2017-142895,7/21/2017 0:00,7/26/2017 0:00,Standard Class,BP-11290,Beth Paige,Consumer,United States,Concord,28027,OFF-LA-10000262,Office Supplies,Labels,Avery 494
363.92,5,0,0.2,South,North Carolina,5834,CA-2017-142895,7/21/2017 0:00,7/26/2017 0:00,Standard Class,BP-11290,Beth Paige,Consumer,United States,Concord,28027,FUR-CH-10002961,Furniture,Chairs,"Leather Task Chair, Black"
109.92,2,53.8608,0,South,Arkansas,5862,CA-2017-101525,5/1/2017 0:00,5/4/2017 0:00,Second Class,CM-12235,Chris McAfee,Consumer,United States,Little Rock,72209,OFF-PA-10001497,Office Supplies,Paper,Xerox 1914
19.44,3,9.3312,0,South,Arkansas,5863,CA-2017-101525,5/1/2017 0:00,5/4/2017 0:00,Second Class,CM-12235,Chris McAfee,Consumer,United States,Little Rock,72209,OFF-PA-10003936,Office Supplies,Paper,Xerox 1994
11.16,2,4.3524,0,South,Arkansas,5864,CA-2017-101525,5/1/2017 0:00,5/4/2017 0:00,Second Class,CM-12235,Chris McAfee,Consumer,United States,Little Rock,72209,OFF-AR-10000716,Office Supplies,Art,DIXON Ticonderoga Erasable Checking Pencils
387.72,5,-67.851,0.2,South,North Carolina,5975,CA-2017-135636,10/8/2017 0:00,10/13/2017 0:00,Standard Class,DB-13615,Doug Bickford,Consumer,United States,Charlotte,28205,OFF-ST-10000676,Office Supplies,Storage,Fellowes Econo/Stor Drawers
185.58,6,76.0878,0,South,Mississippi,5985,CA-2017-163776,7/19/2017 0:00,7/25/2017 0:00,Standard Class,JS-16030,Joy Smith,Consumer,United States,Hattiesburg,39401,FUR-FU-10001185,Furniture,Furnishings,"Advantus Employee of the Month Certificate Frame, 11 x 13-1/2"
77.56,2,35.6776,0,South,Mississippi,5986,CA-2017-163776,7/19/2017 0:00,7/25/2017 0:00,Standard Class,JS-16030,Joy Smith,Consumer,United States,Hattiesburg,39401,OFF-BI-10003007,Office Supplies,Binders,"Premium Transparent Presentation Covers, No Pattern/Clear, 8 1/2"" x 11"""
87.92,4,0.8792,0,South,Mississippi,5987,CA-2017-163776,7/19/2017 0:00,7/25/2017 0:00,Standard Class,JS-16030,Joy Smith,Consumer,United States,Hattiesburg,39401,OFF-ST-10002485,Office Supplies,Storage,Rogers Deluxe File Chest
245.94,6,120.5106,0,South,Mississippi,5988,CA-2017-163776,7/19/2017 0:00,7/25/2017 0:00,Standard Class,JS-16030,Joy Smith,Consumer,United States,Hattiesburg,39401,OFF-PA-10001033,Office Supplies,Paper,Xerox 1893
8.6,1,4.042,0,South,Mississippi,5989,CA-2017-163776,7/19/2017 0:00,7/25/2017 0:00,Standard Class,JS-16030,Joy Smith,Consumer,United States,Hattiesburg,39401,OFF-BI-10000404,Office Supplies,Binders,Avery Printable Repositionable Plastic Tabs
504.9,5,126.225,0,South,Mississippi,5990,CA-2017-163776,7/19/2017 0:00,7/25/2017 0:00,Standard Class,JS-16030,Joy Smith,Consumer,United States,Hattiesburg,39401,FUR-BO-10003546,Furniture,Bookcases,Hon 4-Shelf Metal Bookcases
17.34,2,4.6818,0,South,Louisiana,6021,US-2017-156692,8/13/2017 0:00,8/13/2017 0:00,Same Day,HG-15025,Hunter Glantz,Consumer,United States,Kenner,70065,OFF-AP-10002222,Office Supplies,Appliances,Staple holder
71.98,2,15.1158,0,South,Louisiana,6022,US-2017-156692,8/13/2017 0:00,8/13/2017 0:00,Same Day,HG-15025,Hunter Glantz,Consumer,United States,Kenner,70065,TEC-AC-10000158,Technology,Accessories,Sony 64GB Class 10 Micro SDHC R40 Memory Card
18.48,2,6.006,0.2,South,North Carolina,6029,CA-2017-157364,11/19/2017 0:00,11/21/2017 0:00,First Class,LT-17110,Liz Thompson,Consumer,United States,Jacksonville,28540,OFF-AR-10003752,Office Supplies,Art,Deluxe Chalkboard Eraser Cleaner
42.6,3,16.614,0,South,Kentucky,6037,CA-2017-131205,9/4/2017 0:00,9/8/2017 0:00,Standard Class,AA-10645,Anna Andreadi,Consumer,United States,Georgetown,40324,FUR-FU-10003347,Furniture,Furnishings,Coloredge Poster Frame
113.94,6,54.6912,0,South,Kentucky,6038,CA-2017-131205,9/4/2017 0:00,9/8/2017 0:00,Standard Class,AA-10645,Anna Andreadi,Consumer,United States,Georgetown,40324,OFF-BI-10000315,Office Supplies,Binders,Poly Designer Cover & Back
129.92,4,5.1968,0,South,Kentucky,6039,CA-2017-131205,9/4/2017 0:00,9/8/2017 0:00,Standard Class,AA-10645,Anna Andreadi,Consumer,United States,Georgetown,40324,OFF-ST-10002583,Office Supplies,Storage,Fellowes Neat Ideas Storage Cubes
5.28,3,2.5344,0,South,Kentucky,6040,CA-2017-131205,9/4/2017 0:00,9/8/2017 0:00,Standard Class,AA-10645,Anna Andreadi,Consumer,United States,Georgetown,40324,OFF-AR-10003469,Office Supplies,Art,Nontoxic Chalk
32.064,6,11.2224,0.2,South,Florida,6138,US-2017-142251,10/31/2017 0:00,11/4/2017 0:00,Second Class,FO-14305,Frank Olsen,Consumer,United States,Hollywood,33021,OFF-PA-10002986,Office Supplies,Paper,Xerox 1898
354.9,5,88.725,0,South,Georgia,6151,US-2017-106600,4/8/2017 0:00,4/11/2017 0:00,First Class,RM-19375,Raymond Messe,Consumer,United States,Columbus,31907,FUR-BO-10001608,Furniture,Bookcases,"Hon Metal Bookcases, Black"
239.976,3,17.9982,0.2,South,Tennessee,6287,CA-2017-121020,10/24/2017 0:00,10/31/2017 0:00,Standard Class,CG-12040,Catherine Glotzbach,Home Office,United States,Lebanon,37087,TEC-PH-10001061,Technology,Phones,Apple iPhone 5C
13.28,2,6.3744,0,South,Kentucky,6465,US-2017-155404,9/22/2017 0:00,9/28/2017 0:00,Standard Class,AS-10630,Ann Steele,Home Office,United States,Louisville,40214,FUR-FU-10004586,Furniture,Furnishings,G.E. Longer-Life Indoor Recessed Floodlight Bulbs
871.8,3,87.18,0.2,South,Tennessee,6474,CA-2017-113292,3/18/2017 0:00,3/20/2017 0:00,Second Class,DB-13060,Dave Brooks,Consumer,United States,Columbia,38401,OFF-AP-10003590,Office Supplies,Appliances,Hoover WindTunnel Plus Canister Vacuum
289.568,2,10.8588,0.2,South,Florida,6492,CA-2017-113845,11/20/2017 0:00,11/25/2017 0:00,Standard Class,FA-14230,Frank Atkinson,Corporate,United States,Orlando,32839,FUR-BO-10004695,Furniture,Bookcases,O'Sullivan 2-Door Barrister Bookcase in Odessa Pine
39.72,5,4.4685,0.2,South,Florida,6493,CA-2017-113845,11/20/2017 0:00,11/25/2017 0:00,Standard Class,FA-14230,Frank Atkinson,Corporate,United States,Orlando,32839,OFF-ST-10003327,Office Supplies,Storage,Akro-Mils 12-Gallon Tote
244.768,4,24.4768,0.2,South,Florida,6494,CA-2017-113845,11/20/2017 0:00,11/25/2017 0:00,Standard Class,FA-14230,Frank Atkinson,Corporate,United States,Orlando,32839,TEC-PH-10003357,Technology,Phones,Grandstream GXP2100 Mainstream Business Phone
519.68,7,58.464,0.2,South,Florida,6707,CA-2017-112277,9/10/2017 0:00,9/15/2017 0:00,Standard Class,SC-20695,Steve Chapman,Corporate,United States,Fort Lauderdale,33311,TEC-PH-10003505,Technology,Phones,Geemarc AmpliPOWER60
30,6,14.4,0,South,Arkansas,6717,CA-2017-134789,4/8/2017 0:00,4/15/2017 0:00,Standard Class,CK-12325,Christine Kargatis,Home Office,United States,Hot Springs,71901,OFF-FA-10002280,Office Supplies,Fasteners,Advantus Plastic Paper Clips
25.92,4,12.7008,0,South,Arkansas,6718,CA-2017-134789,4/8/2017 0:00,4/15/2017 0:00,Standard Class,CK-12325,Christine Kargatis,Home Office,United States,Hot Springs,71901,OFF-PA-10001934,Office Supplies,Paper,Xerox 1993
159.92,4,31.984,0,South,Arkansas,6719,CA-2017-134789,4/8/2017 0:00,4/15/2017 0:00,Standard Class,CK-12325,Christine Kargatis,Home Office,United States,Hot Springs,71901,FUR-FU-10003268,Furniture,Furnishings,Eldon Radial Chair Mat for Low to Medium Pile Carpets
34.944,3,3.0576,0.2,South,North Carolina,6720,CA-2017-130442,12/16/2017 0:00,12/19/2017 0:00,First Class,SF-20065,Sandra Flanagan,Consumer,United States,Goldsboro,27534,OFF-AP-10004859,Office Supplies,Appliances,Acco 6 Outlet Guardian Premium Surge Suppressor
50.496,6,8.2056,0.2,South,Florida,6729,CA-2017-165827,11/4/2017 0:00,11/9/2017 0:00,Standard Class,MF-17665,Maureen Fritzler,Corporate,United States,Miami,33180,FUR-FU-10001889,Furniture,Furnishings,Ultra Door Pull Handle
20.7,3,1.656,0,South,Virginia,6842,CA-2017-123946,9/12/2017 0:00,9/17/2017 0:00,Standard Class,AJ-10795,Anthony Johnson,Corporate,United States,Springfield,22153,TEC-AC-10004877,Technology,Accessories,Imation 30456 USB Flash Drive 8GB
11.34,3,5.2164,0,South,Virginia,6843,CA-2017-123946,9/12/2017 0:00,9/17/2017 0:00,Standard Class,AJ-10795,Anthony Johnson,Corporate,United States,Springfield,22153,OFF-FA-10002975,Office Supplies,Fasteners,Staples
67.9,5,0.679,0,South,Virginia,6844,CA-2017-123946,9/12/2017 0:00,9/17/2017 0:00,Standard Class,AJ-10795,Anthony Johnson,Corporate,United States,Springfield,22153,OFF-ST-10000419,Office Supplies,Storage,"Rogers Jumbo File, Granite"
1059.12,4,307.1448,0,South,Virginia,6845,CA-2017-123946,9/12/2017 0:00,9/17/2017 0:00,Standard Class,AJ-10795,Anthony Johnson,Corporate,United States,Springfield,22153,FUR-CH-10002073,Furniture,Chairs,Hon Olson Stacker Chairs
25.06,2,11.7782,0,South,Virginia,6876,US-2017-121013,9/5/2017 0:00,9/10/2017 0:00,Standard Class,MM-17920,Michael Moore,Consumer,United States,Chesapeake,23320,OFF-LA-10004545,Office Supplies,Labels,Avery 50
1652.94,3,314.0586,0,South,Virginia,6877,US-2017-121013,9/5/2017 0:00,9/10/2017 0:00,Standard Class,MM-17920,Michael Moore,Consumer,United States,Chesapeake,23320,FUR-TA-10003238,Furniture,Tables,"Chromcraft Bull-Nose Wood 48"" x 96"" Rectangular Conference Tables"
36.4,5,17.108,0,South,Georgia,6957,CA-2017-157588,7/14/2017 0:00,7/19/2017 0:00,Standard Class,AR-10570,Anemone Ratner,Consumer,United States,Columbus,31907,OFF-BI-10003963,Office Supplies,Binders,Cardinal Holdit Data Disk Pockets
51.75,1,15.525,0,South,Georgia,6958,CA-2017-157588,7/14/2017 0:00,7/19/2017 0:00,Standard Class,AR-10570,Anemone Ratner,Consumer,United States,Columbus,31907,FUR-FU-10004848,Furniture,Furnishings,"Howard Miller 13-3/4"" Diameter Brushed Chrome Round Wall Clock"
10.2,5,4.794,0,South,South Carolina,6963,CA-2017-157161,7/16/2017 0:00,7/20/2017 0:00,Second Class,JD-15895,Jonathan Doherty,Corporate,United States,Columbia,29203,OFF-EN-10001509,Office Supplies,Envelopes,Poly String Tie Envelopes
22.32,3,5.58,0,South,South Carolina,6964,CA-2017-157161,7/16/2017 0:00,7/20/2017 0:00,Second Class,JD-15895,Jonathan Doherty,Corporate,United States,Columbia,29203,OFF-AR-10003338,Office Supplies,Art,"Eberhard Faber 3 1/2"" Golf Pencils"
24.1,5,11.086,0,South,South Carolina,6965,CA-2017-157161,7/16/2017 0:00,7/20/2017 0:00,Second Class,JD-15895,Jonathan Doherty,Corporate,United States,Columbia,29203,OFF-BI-10004728,Office Supplies,Binders,Wilson Jones Turn Tabs Binder Tool for Ring Binders
75.98,2,18.2352,0,South,South Carolina,6966,CA-2017-157161,7/16/2017 0:00,7/20/2017 0:00,Second Class,JD-15895,Jonathan Doherty,Corporate,United States,Columbia,29203,TEC-AC-10000358,Technology,Accessories,Imation Secure Drive + Hardware Encrypted USB flash drive - 16 GB
6.46,2,3.1654,0,South,South Carolina,6967,CA-2017-157161,7/16/2017 0:00,7/20/2017 0:00,Second Class,JD-15895,Jonathan Doherty,Corporate,United States,Columbia,29203,OFF-BI-10002764,Office Supplies,Binders,Recycled Pressboard Report Cover with Reinforced Top Hinge
60.12,9,28.8576,0,South,South Carolina,6968,CA-2017-157161,7/16/2017 0:00,7/20/2017 0:00,Second Class,JD-15895,Jonathan Doherty,Corporate,United States,Columbia,29203,OFF-PA-10001461,Office Supplies,Paper,HP Office Paper (20Lb. and 87 Bright)
59.98,2,17.994,0,South,Arkansas,6978,US-2017-119298,11/25/2017 0:00,11/28/2017 0:00,First Class,EP-13915,Emily Phan,Consumer,United States,Jonesboro,72401,TEC-PH-10002564,Technology,Phones,OtterBox Defender Series Case - Samsung Galaxy S4
15.552,3,5.4432,0.2,South,Tennessee,7049,CA-2017-119515,8/14/2017 0:00,8/16/2017 0:00,First Class,TR-21325,Toby Ritter,Consumer,United States,Nashville,37211,OFF-PA-10000552,Office Supplies,Paper,Xerox 200
22.911,7,-17.5651,0.7,South,North Carolina,7078,CA-2017-106950,9/2/2017 0:00,9/6/2017 0:00,Standard Class,JE-15715,Joe Elijah,Consumer,United States,Charlotte,28205,OFF-BI-10000014,Office Supplies,Binders,Heavy-Duty E-Z-D Binders
309.456,9,34.8138,0.2,South,North Carolina,7079,CA-2017-106950,9/2/2017 0:00,9/6/2017 0:00,Standard Class,JE-15715,Joe Elijah,Consumer,United States,Charlotte,28205,OFF-AP-10000159,Office Supplies,Appliances,Belkin F9M820V08 8 Outlet Surge
19.456,4,3.4048,0.2,South,North Carolina,7080,CA-2017-106950,9/2/2017 0:00,9/6/2017 0:00,Standard Class,JE-15715,Joe Elijah,Consumer,United States,Charlotte,28205,OFF-AR-10003560,Office Supplies,Art,Zebra Zazzle Fluorescent Highlighters
472.518,3,-149.6307,0.4,South,North Carolina,7081,CA-2017-106950,9/2/2017 0:00,9/6/2017 0:00,Standard Class,JE-15715,Joe Elijah,Consumer,United States,Charlotte,28205,FUR-TA-10001768,Furniture,Tables,Hon Racetrack Conference Tables
1012.68,3,303.804,0.2,South,North Carolina,7082,CA-2017-106950,9/2/2017 0:00,9/6/2017 0:00,Standard Class,JE-15715,Joe Elijah,Consumer,United States,Charlotte,28205,TEC-AC-10002049,Technology,Accessories,Plantronics Savi W720 Multi-Device Wireless Headset System
17.22,5,-12.628,0.7,South,North Carolina,7083,CA-2017-106950,9/2/2017 0:00,9/6/2017 0:00,Standard Class,JE-15715,Joe Elijah,Consumer,United States,Charlotte,28205,OFF-BI-10003166,Office Supplies,Binders,GBC Plasticlear Binding Covers
17.94,3,8.7906,0,South,Georgia,7126,CA-2017-123176,9/27/2017 0:00,9/29/2017 0:00,Second Class,JG-15160,James Galang,Consumer,United States,Atlanta,30318,OFF-PA-10003971,Office Supplies,Paper,Xerox 1965
13.89,3,4.5837,0,South,Georgia,7127,CA-2017-123176,9/27/2017 0:00,9/29/2017 0:00,Second Class,JG-15160,James Galang,Consumer,United States,Atlanta,30318,OFF-AR-10004685,Office Supplies,Art,"Binney & Smith Crayola Metallic Colored Pencils, 8-Color Set"
35.168,4,8.3524,0.2,South,Tennessee,7130,CA-2017-166282,4/16/2017 0:00,4/22/2017 0:00,Standard Class,PK-19075,Pete Kriz,Consumer,United States,Nashville,37211,TEC-AC-10004209,Technology,Accessories,Memorex Froggy Flash Drive 4 GB
123.088,7,40.0036,0.2,South,Tennessee,7131,CA-2017-166282,4/16/2017 0:00,4/22/2017 0:00,Standard Class,PK-19075,Pete Kriz,Consumer,United States,Nashville,37211,OFF-PA-10003022,Office Supplies,Paper,"Standard Line ""While You Were Out"" Hardbound Telephone Message Book"
5.388,4,-4.49,0.7,South,Florida,7192,CA-2017-116918,10/1/2017 0:00,10/6/2017 0:00,Second Class,JK-15205,Jamie Kunitz,Consumer,United States,Hialeah,33012,OFF-BI-10004140,Office Supplies,Binders,Avery Non-Stick Binders
30.976,8,5.0336,0.2,South,Florida,7193,CA-2017-116918,10/1/2017 0:00,10/6/2017 0:00,Second Class,JK-15205,Jamie Kunitz,Consumer,United States,Hialeah,33012,OFF-AR-10003631,Office Supplies,Art,Staples in misc. colors
1350.12,6,175.5156,0,South,Georgia,7194,CA-2017-110492,2/12/2017 0:00,2/14/2017 0:00,First Class,JS-15880,John Stevenson,Consumer,United States,Atlanta,30318,OFF-ST-10003716,Office Supplies,Storage,Tennsco Double-Tier Lockers
15.92,4,7.4824,0,South,Georgia,7195,CA-2017-110492,2/12/2017 0:00,2/14/2017 0:00,First Class,JS-15880,John Stevenson,Consumer,United States,Atlanta,30318,OFF-BI-10003274,Office Supplies,Binders,"Avery Durable Slant Ring Binders, No Labels"
116.76,1,14.595,0.2,South,Florida,7201,CA-2017-104276,11/27/2017 0:00,12/3/2017 0:00,Standard Class,HF-14995,Herbert Flentye,Consumer,United States,Fort Lauderdale,33311,TEC-PH-10001944,Technology,Phones,Wi-Ex zBoost YX540 Cellular Phone Signal Booster
331.023,7,-114.3534,0.45,South,Florida,7202,CA-2017-104276,11/27/2017 0:00,12/3/2017 0:00,Standard Class,HF-14995,Herbert Flentye,Consumer,United States,Fort Lauderdale,33311,FUR-TA-10001039,Furniture,Tables,KI Adjustable-Height Table
9.216,4,3.3408,0.2,South,Florida,7252,CA-2017-116764,8/27/2017 0:00,9/2/2017 0:00,Standard Class,EM-13825,Elizabeth Moffitt,Corporate,United States,Hollywood,33021,OFF-LA-10002473,Office Supplies,Labels,Avery 484
89.568,2,32.4684,0.2,South,North Carolina,7269,CA-2017-133368,1/14/2017 0:00,1/20/2017 0:00,Standard Class,AG-10675,Anna Gayman,Consumer,United States,Concord,28027,OFF-PA-10004039,Office Supplies,Paper,Xerox 1882
315.776,8,31.5776,0.2,South,North Carolina,7270,CA-2017-133368,1/14/2017 0:00,1/20/2017 0:00,Standard Class,AG-10675,Anna Gayman,Consumer,United States,Concord,28027,FUR-FU-10003374,Furniture,Furnishings,Electrix Fluorescent Magnifier Lamps & Weighted Base
20.608,2,-4.3792,0.2,South,North Carolina,7273,US-2017-150357,10/10/2017 0:00,10/14/2017 0:00,Standard Class,EB-13975,Erica Bern,Corporate,United States,Greensboro,27405,OFF-SU-10004498,Office Supplies,Supplies,Martin-Yale Premier Letter Opener
4.095,3,-2.73,0.7,South,North Carolina,7274,US-2017-150357,10/10/2017 0:00,10/14/2017 0:00,Standard Class,EB-13975,Erica Bern,Corporate,United States,Greensboro,27405,OFF-BI-10002557,Office Supplies,Binders,Presstex Flexible Ring Binders
431.976,3,-75.5958,0.2,South,Florida,7730,US-2017-109260,9/26/2017 0:00,10/1/2017 0:00,Standard Class,TN-21040,Tanja Norvell,Home Office,United States,Tallahassee,32303,TEC-AC-10002637,Technology,Accessories,Logitech VX Revolution Cordless Laser Mouse for Notebooks (Black)
203.92,4,55.0584,0,South,Virginia,7780,CA-2017-139381,4/18/2017 0:00,4/22/2017 0:00,Standard Class,RF-19840,Roy Französisch,Consumer,United States,Chesapeake,23320,OFF-AP-10001271,Office Supplies,Appliances,Eureka The Boss Cordless Rechargeable Stick Vac
29.56,4,7.9812,0,South,Virginia,7781,CA-2017-139381,4/18/2017 0:00,4/22/2017 0:00,Standard Class,RF-19840,Roy Französisch,Consumer,United States,Chesapeake,23320,TEC-PH-10004924,Technology,Phones,"SKILCRAFT Telephone Shoulder Rest, 2"" x 6.5"" x 2.5"", Black"
45.248,2,3.9592,0.2,South,North Carolina,7783,CA-2017-162236,11/4/2017 0:00,11/6/2017 0:00,Second Class,ER-13855,Elpida Rittenbach,Corporate,United States,Charlotte,28205,OFF-ST-10003442,Office Supplies,Storage,Eldon Portable Mobile Manager
876.3,10,-292.1,0.4,South,North Carolina,7784,CA-2017-162236,11/4/2017 0:00,11/6/2017 0:00,Second Class,ER-13855,Elpida Rittenbach,Corporate,United States,Charlotte,28205,FUR-TA-10002533,Furniture,Tables,BPI Conference Tables
185.376,2,-34.758,0.2,South,North Carolina,7785,CA-2017-162236,11/4/2017 0:00,11/6/2017 0:00,Second Class,ER-13855,Elpida Rittenbach,Corporate,United States,Charlotte,28205,OFF-SU-10003505,Office Supplies,Supplies,Premier Electric Letter Opener
30.828,7,-24.6624,0.7,South,North Carolina,7808,US-2017-137295,1/8/2017 0:00,1/13/2017 0:00,Standard Class,VS-21820,Vivek Sundaresam,Consumer,United States,Raleigh,27604,OFF-BI-10004236,Office Supplies,Binders,"XtraLife ClearVue Slant-D Ring Binder, White, 3"""
47.616,3,5.952,0.2,South,North Carolina,7809,US-2017-137295,1/8/2017 0:00,1/13/2017 0:00,Standard Class,VS-21820,Vivek Sundaresam,Consumer,United States,Raleigh,27604,OFF-AR-10001955,Office Supplies,Art,Newell 319
108.784,2,10.8784,0.2,South,North Carolina,7810,US-2017-137295,1/8/2017 0:00,1/13/2017 0:00,Standard Class,VS-21820,Vivek Sundaresam,Consumer,United States,Raleigh,27604,TEC-PH-10004080,Technology,Phones,Avaya 5410 Digital phone
111.672,9,6.9795,0.2,South,Tennessee,7822,CA-2017-169334,10/21/2017 0:00,10/24/2017 0:00,Second Class,GW-14605,Giulietta Weimer,Consumer,United States,Jackson,38301,OFF-ST-10004950,Office Supplies,Storage,"Tenex Personal Filing Tote With Secure Closure Lid, Black/Frost"
19.89,9,5.3703,0,South,Arkansas,7890,CA-2017-148684,12/25/2017 0:00,12/29/2017 0:00,Standard Class,TS-21655,Trudy Schmidt,Consumer,United States,Fayetteville,72701,OFF-AR-10003811,Office Supplies,Art,Newell 327
399.98,2,171.9914,0,South,Arkansas,7891,CA-2017-148684,12/25/2017 0:00,12/29/2017 0:00,Standard Class,TS-21655,Trudy Schmidt,Consumer,United States,Fayetteville,72701,TEC-AC-10001838,Technology,Accessories,Razer Tiamat Over Ear 7.1 Surround Sound PC Gaming Headset
343.85,5,137.54,0,South,Arkansas,7892,CA-2017-148684,12/25/2017 0:00,12/29/2017 0:00,Standard Class,TS-21655,Trudy Schmidt,Consumer,United States,Fayetteville,72701,FUR-FU-10003553,Furniture,Furnishings,"Howard Miller 13-1/2"" Diameter Rosebrook Wall Clock"
106.32,3,49.9704,0,South,Arkansas,7893,CA-2017-148684,12/25/2017 0:00,12/29/2017 0:00,Standard Class,TS-21655,Trudy Schmidt,Consumer,United States,Fayetteville,72701,OFF-PA-10003302,Office Supplies,Paper,Xerox 1906
22.32,4,10.7136,0,South,Virginia,7925,CA-2017-125843,8/13/2017 0:00,8/16/2017 0:00,First Class,RF-19840,Roy Französisch,Consumer,United States,Springfield,22153,OFF-BI-10002309,Office Supplies,Binders,Avery Heavy-Duty EZD  Binder With Locking Rings
103.6,7,51.8,0,South,Virginia,7926,CA-2017-125843,8/13/2017 0:00,8/16/2017 0:00,First Class,RF-19840,Roy Französisch,Consumer,United States,Springfield,22153,OFF-LA-10003923,Office Supplies,Labels,Alphabetical Labels for Top Tab Filing
39.936,4,-26.624,0.7,South,Florida,7992,CA-2017-133872,6/14/2017 0:00,6/17/2017 0:00,First Class,VM-21835,Vivian Mathis,Consumer,United States,Boca Raton,33433,OFF-BI-10002082,Office Supplies,Binders,GBC Twin Loop Wire Binding Elements
18.464,2,2.308,0.2,South,Florida,7993,CA-2017-133872,6/14/2017 0:00,6/17/2017 0:00,First Class,VM-21835,Vivian Mathis,Consumer,United States,Boca Raton,33433,TEC-AC-10000521,Technology,Accessories,"Verbatim Slim CD and DVD Storage Cases, 50/Pack"
61.1,5,18.33,0,South,Virginia,8086,CA-2017-105753,10/20/2017 0:00,10/26/2017 0:00,Standard Class,LC-16960,Lindsay Castell,Home Office,United States,Arlington,22204,FUR-FU-10000246,Furniture,Furnishings,Aluminum Document Frame
562.2925,7,-255.5875,0.45,South,Florida,8137,CA-2017-118073,8/12/2017 0:00,8/16/2017 0:00,Standard Class,CS-12490,Cindy Schnelling,Corporate,United States,Lakeland,33801,FUR-TA-10002533,Furniture,Tables,BPI Conference Tables
264.18,7,68.6868,0,South,Mississippi,8172,CA-2017-146150,2/14/2017 0:00,2/19/2017 0:00,Standard Class,FM-14380,Fred McMath,Consumer,United States,Jackson,39212,OFF-AR-10002240,Office Supplies,Art,Panasonic KP-150 Electric Pencil Sharpener
35.97,3,9.7119,0,South,Georgia,8231,CA-2017-162355,6/30/2017 0:00,7/2/2017 0:00,Second Class,PF-19165,Philip Fox,Consumer,United States,Sandy Springs,30328,OFF-AR-10004344,Office Supplies,Art,Bulldog Vacuum Base Pencil Sharpener
1266.86,7,291.3778,0,South,Georgia,8232,CA-2017-162355,6/30/2017 0:00,7/2/2017 0:00,Second Class,PF-19165,Philip Fox,Consumer,United States,Sandy Springs,30328,FUR-BO-10004695,Furniture,Bookcases,O'Sullivan 2-Door Barrister Bookcase in Odessa Pine
19.44,3,9.3312,0,South,Arkansas,8263,CA-2017-100307,12/15/2017 0:00,12/19/2017 0:00,Standard Class,TC-21475,Tony Chapman,Home Office,United States,Fayetteville,72701,OFF-PA-10002552,Office Supplies,Paper,Xerox 1958
3.762,3,-2.7588,0.7,South,Florida,8277,US-2017-139262,2/21/2017 0:00,2/25/2017 0:00,Standard Class,LC-16960,Lindsay Castell,Home Office,United States,Tampa,33614,OFF-BI-10003727,Office Supplies,Binders,Avery Durable Slant Ring Binders With Label Holder
34.86,2,-26.726,0.7,South,Florida,8278,US-2017-139262,2/21/2017 0:00,2/25/2017 0:00,Standard Class,LC-16960,Lindsay Castell,Home Office,United States,Tampa,33614,OFF-BI-10002026,Office Supplies,Binders,Avery Arch Ring Binders
432.456,3,32.4342,0.2,South,Florida,8279,US-2017-139262,2/21/2017 0:00,2/25/2017 0:00,Standard Class,LC-16960,Lindsay Castell,Home Office,United States,Tampa,33614,OFF-ST-10001496,Office Supplies,Storage,Standard Rollaway File with Lock
26.55,9,12.744,0,South,Virginia,8296,CA-2017-166380,5/30/2017 0:00,6/3/2017 0:00,Standard Class,EB-13750,Edward Becker,Corporate,United States,Arlington,22204,OFF-EN-10002600,Office Supplies,Envelopes,"Redi-Strip #10 Envelopes, 4 1/8 x 9 1/2"
111.98,2,26.8752,0,South,Virginia,8297,CA-2017-166380,5/30/2017 0:00,6/3/2017 0:00,Standard Class,EB-13750,Edward Becker,Corporate,United States,Arlington,22204,TEC-AC-10000109,Technology,Accessories,Sony Micro Vault Click 16 GB USB 2.0 Flash Drive
7.7,2,3.157,0,South,Virginia,8337,CA-2017-101469,7/2/2017 0:00,7/8/2017 0:00,Standard Class,KH-16360,Katherine Hughes,Consumer,United States,Arlington,22204,OFF-AR-10003986,Office Supplies,Art,Avery Hi-Liter Pen Style Six-Color Fluorescent Set
73.36,7,19.8072,0,South,Alabama,8343,CA-2017-132549,11/25/2017 0:00,11/30/2017 0:00,Standard Class,JK-15370,Jay Kimmel,Consumer,United States,Huntsville,35810,OFF-ST-10001325,Office Supplies,Storage,Sterilite Officeware Hinged File Box
186.54,3,41.0388,0,South,Georgia,8357,CA-2017-163174,8/26/2017 0:00,8/30/2017 0:00,Standard Class,XP-21865,Xylona Preis,Consumer,United States,Athens,30605,FUR-FU-10000308,Furniture,Furnishings,Deflect-o Glass Clear Studded Chair Mats
630.024,4,-199.5076,0.4,South,North Carolina,8411,CA-2017-130820,11/15/2017 0:00,11/15/2017 0:00,Same Day,ON-18715,Odella Nelson,Corporate,United States,Burlington,27217,FUR-TA-10001768,Furniture,Tables,Hon Racetrack Conference Tables
27.86,7,9.1938,0,South,Virginia,8412,CA-2017-159765,5/9/2017 0:00,5/12/2017 0:00,Second Class,TH-21100,Thea Hendricks,Consumer,United States,Salem,24153,OFF-AR-10003514,Office Supplies,Art,4009 Highlighters by Sanford
8749.95,5,2799.984,0,South,Virginia,8489,CA-2017-158841,2/2/2017 0:00,2/4/2017 0:00,Second Class,SE-20110,Sanjit Engle,Consumer,United States,Arlington,22204,TEC-MA-10001127,Technology,Machines,"HP Designjet T520 Inkjet Large Format Printer - 24"" Color"
36.4,8,18.2,0,South,Virginia,8490,CA-2017-158841,2/2/2017 0:00,2/4/2017 0:00,Second Class,SE-20110,Sanjit Engle,Consumer,United States,Arlington,22204,OFF-BI-10002557,Office Supplies,Binders,Presstex Flexible Ring Binders
18.69,7,7.1022,0,South,Virginia,8491,CA-2017-158841,2/2/2017 0:00,2/4/2017 0:00,Second Class,SE-20110,Sanjit Engle,Consumer,United States,Arlington,22204,FUR-FU-10001731,Furniture,Furnishings,Acrylic Self-Standing Desk Frames
20.24,1,8.7032,0,South,Georgia,8545,CA-2017-119074,3/27/2017 0:00,3/31/2017 0:00,Standard Class,DS-13180,David Smith,Corporate,United States,Columbus,31907,FUR-FU-10004053,Furniture,Furnishings,DAX Two-Tone Silver Metal Document Frame
39.92,4,11.1776,0,South,Georgia,8546,CA-2017-119074,3/27/2017 0:00,3/31/2017 0:00,Standard Class,DS-13180,David Smith,Corporate,United States,Columbus,31907,FUR-FU-10003731,Furniture,Furnishings,"Eldon Expressions Wood and Plastic Desk Accessories, Oak"
32.54,2,15.9446,0,South,Georgia,8547,CA-2017-119074,3/27/2017 0:00,3/31/2017 0:00,Standard Class,DS-13180,David Smith,Corporate,United States,Columbus,31907,OFF-BI-10000962,Office Supplies,Binders,"Acco Flexible ACCOHIDE Square Ring Data Binder, Dark Blue, 11 1/2"" X 14"" 7/8"""
1056.86,7,158.529,0,South,Virginia,8555,CA-2017-102092,12/9/2017 0:00,12/11/2017 0:00,First Class,PM-18940,Paul MacIntyre,Consumer,United States,Springfield,22153,FUR-TA-10002530,Furniture,Tables,"Iceberg OfficeWorks 42"" Round Tables"
2.61,1,1.2006,0,South,Kentucky,8580,CA-2017-111605,12/27/2017 0:00,1/2/2018 0:00,Standard Class,JW-15955,Joni Wasserman,Consumer,United States,Louisville,40214,OFF-LA-10002368,Office Supplies,Labels,Avery 479
704.76,5,26.4285,0.2,South,North Carolina,8649,CA-2017-164574,7/29/2017 0:00,8/3/2017 0:00,Standard Class,RH-19555,Ritsa Hightower,Consumer,United States,Charlotte,28205,OFF-ST-10003816,Office Supplies,Storage,Fellowes High-Stak Drawer Files
27.396,3,-20.0904,0.7,South,North Carolina,8650,CA-2017-164574,7/29/2017 0:00,8/3/2017 0:00,Standard Class,RH-19555,Ritsa Hightower,Consumer,United States,Charlotte,28205,OFF-BI-10002429,Office Supplies,Binders,"Premier Elliptical Ring Binder, Black"
2104.55,7,694.5015,0,South,Virginia,8681,CA-2017-143805,12/1/2017 0:00,12/3/2017 0:00,Second Class,JD-15895,Jonathan Doherty,Corporate,United States,Richmond,23223,OFF-AP-10002945,Office Supplies,Appliances,Honeywell Enviracaire Portable HEPA Air Cleaner for 17' x 22' Room
40.7,5,11.803,0,South,Virginia,8682,CA-2017-143805,12/1/2017 0:00,12/3/2017 0:00,Second Class,JD-15895,Jonathan Doherty,Corporate,United States,Richmond,23223,OFF-SU-10004664,Office Supplies,Supplies,Acme Softgrip Scissors
37.408,7,13.0928,0.2,South,Florida,8724,US-2017-135209,12/29/2017 0:00,12/31/2017 0:00,Second Class,MH-17290,Marc Harrigan,Home Office,United States,Miami,33178,OFF-PA-10002986,Office Supplies,Paper,Xerox 1898
25.344,6,8.8704,0.2,South,Florida,8725,US-2017-135209,12/29/2017 0:00,12/31/2017 0:00,Second Class,MH-17290,Marc Harrigan,Home Office,United States,Miami,33178,OFF-PA-10000143,Office Supplies,Paper,Astroparche Fine Business Paper
73.2,5,21.228,0,South,Louisiana,8741,CA-2017-102498,7/24/2017 0:00,7/25/2017 0:00,First Class,JG-15160,James Galang,Consumer,United States,Lafayette,70506,OFF-AR-10004456,Office Supplies,Art,Panasonic KP-4ABK Battery-Operated Pencil Sharpener
93.248,4,31.4712,0.2,South,Florida,8752,CA-2017-105662,5/5/2017 0:00,5/9/2017 0:00,Standard Class,RB-19465,Rick Bensley,Home Office,United States,Tallahassee,32303,OFF-PA-10001001,Office Supplies,Paper,"Snap-A-Way Black Print Carbonless Speed Message, No Reply Area, Duplicate"
177.48,3,19.9665,0.2,South,Florida,8753,CA-2017-105662,5/5/2017 0:00,5/9/2017 0:00,Standard Class,RB-19465,Rick Bensley,Home Office,United States,Tallahassee,32303,TEC-PH-10001198,Technology,Phones,Avaya 4621SW VoIP phone
1270.99,1,635.495,0,South,Georgia,8761,CA-2017-159891,1/31/2017 0:00,2/6/2017 0:00,Standard Class,BF-11170,Ben Ferrer,Home Office,United States,Atlanta,30318,OFF-BI-10003527,Office Supplies,Binders,Fellowes PB500 Electric Punch Plastic Comb Binding Machine with Manual Bind
125.36,8,58.9192,0,South,Georgia,8762,CA-2017-159891,1/31/2017 0:00,2/6/2017 0:00,Standard Class,BF-11170,Ben Ferrer,Home Office,United States,Atlanta,30318,OFF-EN-10004483,Office Supplies,Envelopes,"#10 White Business Envelopes,4 1/8 x 9 1/2"
121.78,2,30.445,0,South,Georgia,8892,CA-2017-162159,9/16/2017 0:00,9/18/2017 0:00,First Class,CR-12625,Corey Roper,Home Office,United States,Columbus,31907,FUR-CH-10001146,Furniture,Chairs,"Global Value Mid-Back Manager's Chair, Gray"
52.68,3,19.755,0.2,South,Florida,8922,CA-2017-145709,10/4/2017 0:00,10/8/2017 0:00,Standard Class,AH-10690,Anna Häberlin,Corporate,United States,Coral Gables,33134,TEC-PH-10003095,Technology,Phones,Samsung HM1900 Bluetooth Headset
11.568,3,2.6028,0.2,South,Florida,8923,CA-2017-145709,10/4/2017 0:00,10/8/2017 0:00,Standard Class,AH-10690,Anna Häberlin,Corporate,United States,Coral Gables,33134,FUR-FU-10002885,Furniture,Furnishings,Magna Visual Magnetic Picture Hangers
273.96,2,71.2296,0,South,Virginia,8963,CA-2017-157280,11/5/2017 0:00,11/7/2017 0:00,First Class,LW-17125,Liz Willingham,Consumer,United States,Virginia Beach,23464,FUR-FU-10004665,Furniture,Furnishings,"3M Polarizing Task Lamp with Clamp Arm, Light Gray"
89.97,3,18.8937,0,South,Virginia,8964,CA-2017-157280,11/5/2017 0:00,11/7/2017 0:00,First Class,LW-17125,Liz Willingham,Consumer,United States,Virginia Beach,23464,TEC-AC-10000057,Technology,Accessories,Microsoft Natural Ergonomic Keyboard 4000
756.8,5,75.68,0,South,Virginia,8965,CA-2017-157280,11/5/2017 0:00,11/7/2017 0:00,First Class,LW-17125,Liz Willingham,Consumer,United States,Virginia Beach,23464,FUR-FU-10003806,Furniture,Furnishings,"Tenex Chairmat w/ Average Lip, 45"" x 53"""
318.08,4,34.9888,0,South,Kentucky,9079,CA-2017-108105,2/16/2017 0:00,2/23/2017 0:00,Standard Class,GW-14605,Giulietta Weimer,Consumer,United States,Henderson,42420,FUR-FU-10003773,Furniture,Furnishings,Eldon Cleatmat Plus Chair Mats for High Pile Carpets
5.8,1,2.61,0,South,Kentucky,9080,CA-2017-108105,2/16/2017 0:00,2/23/2017 0:00,Standard Class,GW-14605,Giulietta Weimer,Consumer,United States,Henderson,42420,OFF-BI-10002412,Office Supplies,Binders,"Wilson Jones ""Snap"" Scratch Pad Binder Tool for Ring Binders"
129.552,3,-22.6716,0.2,South,North Carolina,9135,CA-2017-124254,4/12/2017 0:00,4/17/2017 0:00,Standard Class,TB-21175,Thomas Boland,Corporate,United States,Wilson,27893,OFF-ST-10001469,Office Supplies,Storage,Fellowes Bankers Box Recycled Super Stor/Drawer
51.984,1,-5.1984,0.2,South,North Carolina,9136,CA-2017-124254,4/12/2017 0:00,4/17/2017 0:00,Standard Class,TB-21175,Thomas Boland,Corporate,United States,Wilson,27893,OFF-ST-10000060,Office Supplies,Storage,Fellowes Bankers Box Staxonsteel Drawer File/Stacking System
10.272,3,3.4668,0.2,South,North Carolina,9137,CA-2017-124254,4/12/2017 0:00,4/17/2017 0:00,Standard Class,TB-21175,Thomas Boland,Corporate,United States,Wilson,27893,OFF-PA-10000807,Office Supplies,Paper,"TOPS ""Important Message"" Pads, Canary, 4-1/4 x 5-1/2, 50 Sheets per Pad"
4.338,3,-3.0366,0.7,South,Tennessee,9160,CA-2017-118934,8/9/2017 0:00,8/14/2017 0:00,Standard Class,GH-14410,Gary Hansen,Home Office,United States,Hendersonville,37075,OFF-BI-10003314,Office Supplies,Binders,Tuff Stuff Recycled Round Ring Binders
11.88,5,-7.92,0.7,South,Tennessee,9161,CA-2017-118934,8/9/2017 0:00,8/14/2017 0:00,Standard Class,GH-14410,Gary Hansen,Home Office,United States,Hendersonville,37075,OFF-BI-10004465,Office Supplies,Binders,Avery Durable Slant Ring Binders
319.76,14,147.0896,0,South,Mississippi,9169,CA-2017-140571,3/15/2017 0:00,3/19/2017 0:00,Standard Class,SJ-20125,Sanjit Jacobs,Home Office,United States,Jackson,39212,OFF-PA-10001954,Office Supplies,Paper,Xerox 1964
45.68,2,21.0128,0,South,Mississippi,9170,CA-2017-140571,3/15/2017 0:00,3/19/2017 0:00,Standard Class,SJ-20125,Sanjit Jacobs,Home Office,United States,Jackson,39212,OFF-PA-10001954,Office Supplies,Paper,Xerox 1964
31.086,3,-20.724,0.7,South,Tennessee,9177,CA-2017-118178,3/19/2017 0:00,3/24/2017 0:00,Standard Class,CC-12610,Corey Catlett,Corporate,United States,Nashville,37211,OFF-BI-10001153,Office Supplies,Binders,Ibico Recycled Grain-Textured Covers
184.704,6,13.8528,0.2,South,Florida,9276,CA-2017-113236,5/26/2017 0:00,5/29/2017 0:00,Second Class,CP-12085,Cathy Prescott,Corporate,United States,Delray Beach,33445,OFF-ST-10000532,Office Supplies,Storage,Advantus Rolling Drawer Organizers
47.92,2,11.98,0.2,South,Florida,9277,CA-2017-113236,5/26/2017 0:00,5/29/2017 0:00,Second Class,CP-12085,Cathy Prescott,Corporate,United States,Delray Beach,33445,TEC-AC-10001267,Technology,Accessories,Imation 32GB Pocket Pro USB 3.0 Flash Drive - 32 GB - Black - 1 P ...
72.224,4,25.2784,0.2,South,Florida,9283,CA-2017-160486,12/30/2017 0:00,1/4/2018 0:00,Standard Class,EH-14185,Evan Henry,Consumer,United States,West Palm Beach,33407,OFF-PA-10002421,Office Supplies,Paper,Embossed Ink Jet Note Cards
91.475,1,-1.8295,0.5,South,Tennessee,9456,CA-2017-140977,6/16/2017 0:00,6/19/2017 0:00,Second Class,JL-15175,James Lanier,Home Office,United States,Chattanooga,37421,TEC-MA-10003493,Technology,Machines,Penpower WorldCard Pro Card Scanner
197.05,7,59.115,0,South,Alabama,9490,US-2017-102232,8/5/2017 0:00,8/11/2017 0:00,Standard Class,MF-17665,Maureen Fritzler,Corporate,United States,Huntsville,35810,OFF-AR-10000538,Office Supplies,Art,"Boston Model 1800 Electric Pencil Sharpener, Gray"
31.008,1,11.2404,0.2,South,Florida,9586,CA-2017-160598,8/26/2017 0:00,8/28/2017 0:00,First Class,SV-20815,Stuart Van,Corporate,United States,Miami,33142,OFF-PA-10002319,Office Supplies,Paper,Xerox 1944
239.5,5,114.96,0,South,Arkansas,9602,CA-2017-117604,9/4/2017 0:00,9/9/2017 0:00,Standard Class,JP-15520,Jeremy Pistek,Consumer,United States,Jonesboro,72401,OFF-PA-10001357,Office Supplies,Paper,Xerox 1886
339.92,5,8.498,0.2,South,Florida,9770,CA-2017-123533,11/24/2017 0:00,11/30/2017 0:00,Standard Class,SC-20050,Sample Company A,Home Office,United States,Hialeah,33012,FUR-BO-10001619,Furniture,Bookcases,O'Sullivan Cherrywood Estates Traditional Bookcase
10.528,4,3.4216,0.2,South,Florida,9771,CA-2017-123533,11/24/2017 0:00,11/30/2017 0:00,Standard Class,SC-20050,Sample Company A,Home Office,United States,Hialeah,33012,OFF-PA-10001609,Office Supplies,Paper,Tops Wirebound Message Log Books
42.384,2,4.2384,0.2,South,Florida,9772,CA-2017-123533,11/24/2017 0:00,11/30/2017 0:00,Standard Class,SC-20050,Sample Company A,Home Office,United States,Hialeah,33012,OFF-AP-10002765,Office Supplies,Appliances,Fellowes Advanced Computer Series Surge Protectors
135.95,1,39.4255,0,South,Georgia,9774,CA-2017-160234,6/26/2017 0:00,7/3/2017 0:00,Standard Class,PF-19225,Phillip Flathmann,Consumer,United States,Atlanta,30318,TEC-PH-10004434,Technology,Phones,Cisco IP Phone 7961G VoIP phone - Dark gray
45.568,2,9.6832,0.2,South,Florida,9806,CA-2017-136322,10/21/2017 0:00,10/26/2017 0:00,Standard Class,AP-10720,Anne Pryor,Home Office,United States,Fort Lauderdale,33311,FUR-FU-10002878,Furniture,Furnishings,"Seth Thomas 14"" Day/Date Wall Clock"
28.752,8,-21.0848,0.7,South,Florida,9807,CA-2017-136322,10/21/2017 0:00,10/26/2017 0:00,Standard Class,AP-10720,Anne Pryor,Home Office,United States,Fort Lauderdale,33311,OFF-BI-10004817,Office Supplies,Binders,GBC Personal VeloBind Strips
